2394 3660
691 171 821 198 CAPUT
850 170 920 197 vn.
944 180 994 187 —-
1024 170 1074 196 m:
1104 169 1301 196 HERCULE.
1759 171 1806 211 27

192 262 366 302 introeat
384 275 392 301 :
418 276 436 299 «
456 262 533 302 Res
549 265 682 312 urget,
701 260 770 304 ait,
788 260 876 310 Jam
889 258 1030 298 Graeci
1050 270 1071 296 e
1091 258 1208 296 litore
1229 269 1350 297 naves
1372 258 1557 302 solvunt;
1580 257 1806 307 ingredere.

562 362 614 411 ὡς
633 364 753 402 πάντα
772 359 918 414 πράξας
937 357 987 399 ὧν
1011 375 1049 399 σε
1070 361 1141 409 δεῖ,
1164 362 1316 413 στείχῃς
1336 361 1448 399 πάλιν

1378 424 1386 442 Ι

562 427 621 476 ξὺν
642 426 764 466 παισὶν
781 424 890 480 εῧπῑρ
910 427 970 465 τὶν
992 425 1079 475 ἐμὶν
1102 428 1240 480 ᾤκιςας
1255 427 1361 476 -so'vsv
1398 455 1404 463 .

248 541 318 580 Ille
338 541 503 579 nullum
524 541 565 578 in
587 540 751 590 reginae
771 538 904 576 verbis
919 537 1141 577 artificium
1163 537 1417 575 dissimulari
1436 537 1683 588 suspicatus,
1704 537 1810 575 hanc

193 606 399 644 existimat
417 605 580 643 divitias
600 605 697 642 dare
727 603 985 643 auferendas.
1010 615 1114 653 quas
1140 602 1227 653 ipsa
1255 615 1276 641 e
1302 603 1420 652 Troja
1442 614 1578 640 exorsa
1607 602 1812 652 surripue-

196 672 290 715 rit2,
313 675 359 709 ut
380 670 459 708 sibi
480 669 741 708 redeundum
763 669 814 706 sit
842 669 882 706 in
904 668 1136 706 Thraciam.
1160 667 1233 705 ubi
1261 667 1490 717 Polydorus
1511 667 1657 705 xersari
1679 666 1812 705 creda-

196 741 274 780 tur,
297 736 400 774 dum
421 739 561 773 contra
582 738 712 772 mater
731 746 827 772 eum
843 733 964 783 jubet
986 745 1067 770 non
1090 733 1177 770 sine
1197 733 1445 781 ambagibus
1466 738 1625 782 portam
1649 732 1810 769 tentorii

193 802 346 845 subire,
385 806 430 839 ut
460 800 652 838 meritam
682 799 749 837 det
788 811 980 850 poenam,
1012 804 1052 837 et
1083 811 1180 837 cum
1215 798 1310 836 filiis
1344 799 1573 842 conveniat,
1604 810 1688 851 quo
1725 798 1811 850 ipse

194 867 345 907 Priami
373 866 508 906 filium
534 864 766 908 immiserit,
796 864 950 903 scilicet
976 864 1017 902 in
1045 864 1276 902 Tartarum.

506 1225 731 1277 CAPUT
777 1224 889 1275 VII.
919 1254 978 1260 —
1016 1224 1101 1274 DE
1147 1224 1485 1275 HERCULE.

246 1513 291 1551 In
319 1513 453 1564 priore
478 1513 655 1563 hujusce
681 1512 912 1561 tragoediae
937 1515 1064 1562 parte,
1089 1511 1235 1561 Lycus,
1258 1515 1481 1562 postquam
1508 1510 1811 1561 Amphitryoni,

193 1578 380 1627 Megarae
412 1583 450 1616 et
484 1578 622 1616 liberis
655 1579 745 1628 ejus
779 1577 912 1615 irritas
952 1576 1122 1615 insidias
1161 1577 1332 1627 paravit,
1370 1576 1543 1614 Hercule
1582 1580 1815 1626 opportune

194 1644 369 1682 domum
396 1655 595 1694 regresso,
624 1643 847 1685 occiditur:
871 1643 912 1680 in
940 1642 1064 1680 altera
1091 1646 1244 1683 autem,
1274 1641 1376 1680 deus
1405 1641 1505 1692 ipse.
1534 1641 1621 1691 qui,
1650 1641 1816 1679 Junone

188 1709 377 1760 jubente,
408 1709 449 1746 in
474 1709 679 1747 insaniam
708 1708 866 1749 incidit.
900 1707 1050 1746 liberos
1077 1719 1122 1745 ac
1152 1707 1375 1757 conjugem
1406 1706 1564 1755 sagittis
1594 1706 1811 1755 transfigit.

196 1774 276 1814 Ubi
304 1785 396 1812 vero
422 1774 598 1813 Palladis
624 1774 777 1812 auxilio
806 1773 991 1824 resipuit,
1014 1772 1217 1823 quidnam
1244 1772 1415 1810 demens
1442 1771 1745 1823 perpetraverit,
1768 1783 1815 1809 ex

193 1839 493 1891 Amphitryone
522 1839 651 1879 audit.
685 1839 802 1878 Tunc
833 1838 1028 1882 Theseus,
1057 1839 1130 1889 qui
1156 1838 1218 1876 clei
1242 1850 1294 1876 eac
1320 1837 1507 1875 machina
1536 1841 1669 1887 partes
1696 1836 1738 1874 in
1768 1848 1816 1875 eo

193 1906 284 1945 loco
323 1909 474 1949 tuetur,
513 1905 661 1944 idoneo
700 1909 883 1956 tempore
922 1904 1153 1943 intervenit.
1191 1908 1250 1945 ut,
1292 1903 1415 1941 heroe
1454 1915 1594 1940 secum
1635 1902 1812 1940 Athenas

194 1971 333 2015 ducto,
363 1970 490 2009 finem
519 1969 749 2020 tragoediae
776 1970 976 2022 imponat.

247 2035 377 2088 Opus,
408 2036 522 2087 quod
552 2035 768 2086 Euripides
800 2035 977 2086 scripsit,
1009 2035 1178 2074 atticam
1211 2034 1396 2073 fabulam
1430 2035 1472 2072 in
1503 2045 1668 2072 scenam
1701 2033 1818 2071 Athe-

195 2101 405 2141 niensium
440 2101 668 2152 reponendi
703 2113 839 2145 causa,
872 2102 1005 2150 magis
1041 2100 1236 2139 historico
1270 2101 1418 2144 colore,
1452 2104 1497 2138 ut
1534 2099 1591 2137 sic
1624 2098 1813 2142 dixerim,

194 2167 334 2212 enitet,
357 2180 485 2219 quam
505 2172 552 2206 ut
571 2167 675 2206 mihi
698 2167 933 2218 suppeditet
953 2167 1136 2205 multum
1158 2166 1363 2204 materiae.
1388 2165 1474 2204 Hoc
1500 2165 1628 2215 igitur
1655 2164 1816 2202 silentio

195 2234 373 2274 libenter
391 2234 774 2286 praetermisissem,
795 2233 874 2272 nisi
897 2233 1120 2271 nonnullos
1140 2244 1280 2270 versus
1297 2231 1339 2270 in
1356 2232 1474 2270 initio
1491 2231 1597 2270 tertii
1614 2231 1814 2271 ἐπεισοέίευ

195 2299 461 2344 invenissem,
491 2300 702 2338 notatione
728 2299 892 2349 dignos.

247 2365 436 2417 Namque
466 2366 610 2416 Lycus,
642 2366 704 2403 vir
734 2370 871 2404 mente
903 2364 1092 2405 stolidus,
1125 2364 1289 2415 qualem
1327 2364 1368 2401 in
1404 2362 1612 2414 Iphiqenia
1645 2363 1816 2401 Taurica

197 2436 333 2470 noster
369 2432 554 2470 Thoanta
591 2431 802 2482 expressit,
840 2432 902 2469 vel
938 2431 980 2468 in
1021 2430 1171 2469 Helena
1211 2430 1559 2479 Theoclymenon,
1595 2428 1818 2466 consilium

196 2497 287 2535 iniit
318 2497 482 2542 liberos,
511 2502 754 2548 patremque
782 2501 821 2534 et
847 2496 1070 2546 conjugem
1097 2495 1279 2533 absentis
1309 2494 1497 2533 Herculis
1524 2493 1813 2532 interficiendi.

197 2561 345 2600 Nullus
364 2567 438 2606 est,
460 2563 533 2613 qui
554 2562 803 2603 infelicibus,
827 2574 925 2600 cum
948 2573 1009 2599 res
1030 2561 1071 2598 iu
1094 2565 1206 2599 tanto
1228 2565 1325 2598 sunt
1343 2559 1597 2603 discrimine,
1615 2559 1818 2597 auxilium

194 2627 348 2666 afferat.
371 2627 524 2666 Auctor
543 2627 684 2677 igitur,
708 2627 870 2665 fabulae
891 2626 1181 2677 producendae
1201 2637 1340 2669 causa,
1361 2625 1493 2668 tinxit,
1512 2624 1626 2675 quod
1647 2624 1817 2675 quidem

200 2692 481 2743 suspicionem
501 2692 714 2743 quandam
741 2691 866 2730 habet
886 2691 1062 2735 artificii,
1085 2690 1293 2740 Megaram
1316 2690 1358 2728 in
1379 2689 1457 2728 hac
1484 2701 1622 2727 rerum
1650 2689 1821 2728 necessi—

197 2761 275 2796 tate
302 2769 324 2796 a
351 2762 524 2807 tyranno
549 2757 759 2796 licentiam
786 2761 921 2808 petere
946 2756 1096 2795 liberos
1124 2755 1286 2794 funebri
1315 2760 1423 2793 veste
1450 2753 1689 2797 exornandi,
1713 2758 1820 2792 ante—

183 2834 325 2874 quam
351 2822 594 2861 moriantur.
625 2823 762 2872 Quam
787 2834 885 2861 cum
912 2822 1161 2873 impetravit,
1190 2833 1334 2859 omnes
1361 2821 1403 2858 in
1429 2820 1549 2859 aedes
1576 2819 1762 2858 redeunt.

249 2890 366 2928 Tunc
400 2889 472 2927 ubi
508 2889 740 2928 secundum
774 2889 974 2940 στάσιμενὲν
1000 2889 1092 2927 cani
1122 2888 1302 2926 desitum
1341 2892 1414 2927 est.
1450 2887 1645 2926 Hercules
1682 2886 1819 2925 subito

256 3001 281 3021 1.
307 2991 394 3026 Hec.‚
416 2999 504 3021 που.
523 3000 551 3020 2.

255 3049 282 3069 π.
308 3038 436 3074 Ibidem,
457 3047 545 3068 που.

249 3086 277 3115 3.
303 3086 408 3120 Her-c„
426 3084 572 3124 637-700.
