2394 3660
537 169 667 197 eAPU'r
695 170 777 196 XVI.
801 179 850 185 -·
879 169 931 196 DE
959 169 1165 196 1P111G1351A
1192 168 1231 194 m
1260 169 1422 195 AvLmE.
1743 158 1790 211 57

181 258 380 310 ambigua
406 258 630 310 prudenter
654 270 740 297 esse
769 257 995 301 editurum,
1027 256 1285 308 Iphigeniam
1317 261 1458 296 contra
1489 255 1787 308 imprudenter.

182 323 286 364 Nam
317 323 503 376 primum
536 328 630 363 nata
663 322 891 373 genitorem
928 321 1110 361 maximo
1148 321 1301 372 gaudio
1333 321 1512 373 perfusa,
1547 321 1791 373 genitorque

182 394 338 436 natam,
366 390 487 440 longe
516 401 611 429 vero
642 388 758 428 aliter
785 388 970 432 affectus,
1001 387 1277 438 amplectitur.
1308 387 1470 427 Fatetur
1503 388 1615 426 enim
1651 387 1716 426 ille.
1752 400 1793 424 se,

180 454 382 500 dubitare,
418 458 560 493 utrum
594 457 711 493 natae
744 452 955 504 profuerit,
987 464 1129 497 necne,
1161 452 1274 503 quod
1302 465 1393 491 eam
1422 453 1473 492 ad
1505 466 1545 491 se
1573 452 1788 491 vocaverit.

184 519 360 559 Graece:

528 595 606 636 Οὐκ
622 591 690 634 εἶδ’
710 593 812 643 ’ἐπως
832 600 884 646 φῶ
903 597 1006 634 τσῦτε
1028 595 1090 634 καὶ
1113 596 1164 645 μὴ
1185 600 1254 647 φῶ,
1278 598 1406 635 τέχναν
1427 597 1453 632 ¹.

236 707 349 757 Quae
372 706 434 745 vis
459 705 558 745 insit
582 706 624 744 in
652 706 716 744 his
742 707 890 751 verbis,
920 718 1002 744 non
1031 706 1263 756 suspicatur
1284 707 1509 757 Iphigenia.
1537 707 1675 757 Itaque
1696 718 1792 744 eum

182 771 458 824 reprehendit,
480 770 593 822 quod
613 771 744 810 fronte
764 771 883 810 anxia
904 771 1032 810 filiam
1055 771 1276 816 intueatur,
1301 773 1332 810 si
1353 771 1523 822 quidem
1544 783 1633 810 eam
1655 771 1795 808 animo

184 837 303 882 laeto,
330 841 377 875 ut
404 835 521 881 dixit,
550 836 745 874 reviserit.
776 836 852 875 Cui
883 836 976 875 ille:

529 937 649 977 1147&
664 937 766 991 ἀνδρὶ
795 937 945 987 βασιλεῖ
963 936 1024 977 καὶ
1046 938 1284 990 στρατηλάτῃ
1306 937 1411 987 μέλει
1426 947 1455 975 2.

239 1050 327 1089 Non
362 1050 469 1089 videt
498 1050 614 1100 virgo
642 1050 744 1102 quid
774 1051 973 1089 sententia
1009 1051 1050 1089 in
1084 1051 1162 1089 hac
1195 1050 1374 1089 maxime
1405 1049 1620 1088 occasione
1653 1049 1795 1087 valeat.

186 1116 369 1167 ingenue
395 1127 492 1166 ergo
519 1127 616 1153 eum
647 1115 848 1161 hortatur,
877 1120 923 1154 ut
949 1116 1083 1154 solum
1114 1115 1164 1154 de
1191 1120 1284 1154 nata
1311 1115 1476 1165 cogitet,
1507 1113 1664 1152 nedum
1695 1113 1801 1152 arbi-

185 1186 313 1221 tretur
337 1181 442 1220 nihil
468 1181 596 1225 aliud,
620 1186 664 1219 ut
684 1182 770 1232 ipse
798 1186 980 1227 testatur,
1004 1182 1038 1220 ei
1071 1193 1323 1220 succurrere.
1347 1181 1453 1220 Tum
1481 1193 1525 1219 ea
1545 1194 1553 1218 :
1580 1196 1598 1216 α
1619 1180 1792 1218 Remitte

185 1259 282 1298 ergo
301 1247 480 1292 vultum,
502 1247 653 1297 inquit,
676 1246 938 1298 frontemque
958 1247 1128 1298 explica.
1152 1262 1168 1282 n
1194 1247 1271 1286 Cui
1292 1251 1406 1298 pater
1426 1247 1467 1284 in
1488 1246 1601 1284 hunc
1623 1245 1793 1283 modurn

185 1311 386 1357 elocutus,
415 1312 535 1362 cujus
563 1316 647 1350 tam
673 1312 803 1351 multa
830 1313 1015 1363 exempla
1041 1312 1083 1350 in
1110 1312 1189 1351 hoc
1216 1312 1354 1350 libello
1382 1311 1643 1350 notavimus:

577 1412 586 1421 Ψ
608 1413 626 1426 Ν
649 1414 658 1425 Χ
722 1416 729 1426 1
823 1415 830 1425 1
877 1414 883 1423 ⁵
903 1414 912 1424 Ι
1001 1416 1008 1425 1
1092 1414 1098 1424 ³
1114 1414 1124 1425 0
1163 1418 1179 1426 ,ι
1274 1416 1280 1425 ν

590 1416 667 1453 locu
686 1415 832 1465 γεγηθκ
853 1429 873 1453 σ
895 1429 945 1462 ως
965 1415 1086 1465 ‘fs-(⁴00
1112 1429 1221 1467 ῡρων,
1243 1427 1371 1453 τεκνῦν
1386 1412 1416 1450 3.

240 1526 361 1576 Quod
381 1527 435 1566 ita
455 1527 530 1566 Th.
556 1527 626 1565 Fix
647 1527 764 1566 vertit
782 1540 790 1564 :
817 1541 835 1562 «
856 1526 957 1565 Ecce
973 1527 1062 1577 jam
1078 1527 1217 1571 laetor,
1236 1531 1465 1577 utcumque
1482 1526 1621 1568 laetor.
1640 1525 1742 1563 dum
1767 1530 1802 1562 te

187 1590 320 1638 video,
342 1591 439 1630 filia.
462 1607 479 1628 »
503 1592 579 1631 Sed
599 1597 712 1630 tanto
730 1591 869 1630 dolore
890 1592 1169 1642 perturbatur,
1192 1592 1296 1630 dum
1322 1591 1476 1629 laetum
1503 1603 1544 1628 se
1571 1602 1659 1628 esse
1685 1590 1800 1634 dicit,

188 1660 235 1695 ut
253 1656 444 1695 lacrimas
468 1656 541 1695 diu
568 1656 770 1695 cohibitas
784 1657 872 1707 jam
894 1668 976 1694 non
1000 1661 1146 1695 teneat.
1171 1657 1266 1695 Illae
1291 1656 1497 1700 lacrimae,
1520 1667 1624 1705 quas
1650 1654 1801 1693 saeculi

189 1734 273 1760 xvn
297 1734 432 1761 mores
460 1722 678 1761 Racinium
711 1726 901 1760 nostrum
935 1734 1078 1760 rursus
1099 1722 1325 1773 producere
1353 1725 1585 1766 vetuerunt,
1609 1720 1804 1759 sollicitu-

190 1787 331 1826 dinem
371 1787 607 1838 Iphigeniae
644 1787 833 1826 ass'erunt.
870 1787 1047 1826 Causam
1087 1788 1213 1837 igitur
1245 1787 1419 1837 quaerit,
1455 1798 1530 1824 cur
1563 1786 1616 1824 ita
1651 1785 1805 1823 flexerit

190 1851 368 1891 vultum.
399 1852 482 1891 Rex
507 1865 616 1895 vero.
644 1853 772 1891 animi
799 1853 990 1891 firmitate
1016 1865 1111 1890 mox
1138 1857 1389 1903 recuperata,
1419 1851 1475 1890 sic
1503 1850 1735 1902 respondet.
1760 1854 1803 1887 ut

192 1917 401 1956 veritatem
432 1929 565 1968 neque
592 1917 849 1959 confiteatur.
880 1929 1014 1968 neque
1041 1917 1301 1955 dissimulet:

631 2019 765 2072 Μακρὰ
783 2019 854 2071 γὰρ
875 2017 966 2068 ἡμῖν
988 2019 1023 2068 ·ἡ“
1037 2019 1153 2057 12:35
1168 2017 1364 2057 2:22542‘1.

244 2130 442 2169 Trimeter
469 2142 563 2168 vero
589 2131 662 2181 qui
690 2131 876 2182 sequitur
902 2132 943 2169 in
973 2132 1102 2173 libris,
1133 2130 1349 2169 claudicat.
1382 2131 1546 2180 Legitur
1573 2130 1711 2168 enim:

499 2233 518 2269 (⁷
538 2232 547 2245 ν
615 2227 664 2245 ἵκ-
677 2230 691 2241 .-
793 2235 801 2246 ι
893 2233 902 2245 2
973 2231 1009 2245 *x
1100 2233 1122 2245 ιᾸ
1211 2233 1218 2243 r
1234 2232 1243 2243 t
1305 2231 1311 2240 ¹
1375 2234 1382 2244 ι
1466 2232 1477 2248 ,-

513 2235 576 2271 Im.
595 2244 652 2271 020
678 2247 695 2271 ο
711 2247 744 2271 τ’.
761 2248 842 2284 φης,
868 2247 932 2272 ευγ.
953 2246 1050 2282 ειεα,
1074 2245 1205 2284 can-‚27
1232 2247 1311 2283 εμεῑ
1333 2247 1447 2285 :aesc
1464 2244 1496 2268 ³.

248 2343 304 2383 Ex
332 2345 531 2383 omnibus
559 2345 919 2384 emendationibus
944 2359 1048 2397 quas
1076 2347 1317 2385 recentiores
1345 2347 1386 2384 in
1415 2358 1462 2384 eo
1482 2346 1571 2384 Ioco
1591 2356 1811 2397 proposit(L

196 2415 306 2454 runt,
329 2410 377 2449 II.
402 2410 574 2449 Weilius
593 2411 810 2462 optimam.
834 2412 911 2450 nisi
933 2412 1062 2452 fallor.
1086 2413 1255 2450 invenit.
1276 2412 1445 2463 Scripsit
1465 2411 1576 2450 enim
1597 2424 1605 2449 ε

543 2511 620 2552 03⁷.
641 2511 722 2552 :fei
742 2514 803 2553 0'3
821 2529 852 2553 τ’.
875 2516 956 2565 φής.
980 2515 1104 2565 κεῖέκ,
1128 2514 1273 2567 ςί).·.κτ“
1292 2513 1320 2552 ὦ
1343 2515 1471 2566 πάτερ.

249 2623 506 2663 Correctione
535 2630 709 2676 recepta,
743 2637 823 2664 non
854 2625 1002 2664 dubito
1035 2626 1136 2677 quin
1168 2638 1310 2664 versus
1343 2626 1403 2664 vel
1438 2625 1695 2664 difficillimis
1725 2637 1813 2677 pro-

198 2689 329 2728 betur.
362 2688 484 2728 Modo
517 2690 628 2728 enim
662 2690 779 2728 duxit
813 2690 1028 2742 Iphigenia
1058 2695 1216 2741 patrem
1246 2691 1349 2729 vitae
1379 2691 1631 2729 mentionem
1667 2690 1810 2735 facere,

197 2766 303 2806 quae
323 2758 414 2805 post
436 2755 602 2806 nuptias
622 2759 725 2794 esset
745 2755 934 2795 ductura.
955 2756 1036 2794 Nos
1053 2768 1146 2795 vero
1168 2756 1322 2795 scimus
1344 2756 1385 2794 in
1407 2756 1546 2794 animo
1567 2756 1673 2806 regis
1694 2756 1813 2805 longe

253 2890 278 2908 ι.
302 2877 405 2918 Iphiq.
427 2878 458 2909 in
473 2878 560 2916 Aul„
577 2878 648 2915 643.

250 2935 278 2956 2.
304 2925 434 2962 Ibidem,
451 2924 523 2961 645.

250 2973 279 3002 3.
304 2971 435 3008 Ibidem,
453 2971 522 3013 649.

253 3020 284 3055 4.
307 3018 439 3056 Ibidem,
455 3018 526 3050 651.

257 3066 287 3097 5.
312 3064 441 3102 Ibidem,
459 3065 530 3096 652.
