2394 3660
720 202 848 229 CAl'L'T
879 202 904 228 1.
930 211 977 219 -η
1009 200 1059 225 DE
1089 199 1319 226 ALCES‘rmE.
1786 202 1828 226 10

190 292 246 331 ei
281 291 427 331 similis
456 290 520 336 sit,
549 290 623 342 qui
652 290 814 330 obierit.
846 290 883 328 Is
910 288 1037 340 igitur
1064 301 1228 327 versum
1250 300 1363 327 more
1383 291 1523 327 nostro
1545 287 1599 327 ita
1620 287 1829 338 interpun-

209 360 322 408 geret
342 369 350 394 ε

581 412 609 449 Τ
613 407 746 462 {ti-ms
769 422 775 429 ·
797 410 814 448 ἑ
839 409 994 458 μέλλων
1015 409 1072 459 χώ
1093 409 1211 446 ‘izvara
1233 408 1297 447 20⁷.
1319 406 1390 446 ἔστ’
1415 408 1479 447 ἔτ’..

212 515 215 519 ’
264 517 417 569 Regem
438 530 532 557 vero
551 517 760 556 credimus
781 516 939 555 eisdem
961 515 1095 554 verbis
1124 514 1238 553 fateri
1267 526 1436 552 uxorem
1463 514 1542 552 vita
1570 513 1825 553 defunctam.

209 595 308 622 cum
329 595 484 628 versus,
508 582 632 622 modo
654 582 687 620 si
707 581 918 632 scripseris
942 593 949 618 :

578 675 736 730 Τὲθγηχ’
758 676 775 714 ὁ
798 676 966 725 μέλλων,
989 675 1048 726 χώ
1069 675 1187 713 θανὼν
1210 674 1272 713 εὐκ
1295 672 1374 713 ἔστ’
1391 675 1457 713 ἔτ’..

212 784 416 834 significet
433 782 647 822 hominem
668 781 910 832 (Admetum
933 780 1101 824 scilieet,
1126 780 1186 818 vel
1214 780 1423 819 Alcestim.
1453 792 1559 830 quae
1586 791 1659 830 pro
1681 779 1766 818 viro
1789 792 1831 818 se

211 849 402 900 devovit),
426 847 664 891 decessisse,
689 847 759 898 qui
784 847 1011 885 moriturus
1037 851 1135 888 erat,
1165 839 1372 895 cum'jam
1402 858 1483 883 non
1511 845 1576 887 sit,
1609 845 1682 896 qui
1708 858 1830 884 occu-

213 913 360 953 buerit.

265 979 398 1018 Unam
420 982 580 1017 tantum
603 977 776 1028 hujusce
799 976 970 1015 trimetri
992 975 1340 1026 significationem
1362 976 1555 1014 Hercules
1577 976 1825 1026 assequitur.

210 1043 313 1081 dum
333 1043 502 1082 alteram
523 1055 605 1081 non
626 1042 837 1081 discernit.
865 1042 977 1086 inde,
1001 1054 1097 1079 eum
1122 1041 1207 1091 regi
1233 1045 1410 1080 mortem
1438 1041 1621 1079 suturam
1648 1054 1694 1080 ac
1722 1053 1831 1091 prae-

211 1113 367 1148 sentem
402 1108 526 1147 vitam
564 1108 667 1146 inter
701 1121 741 1146 se
775 1108 938 1146 differre
972 1107 1138 1157 neganti
1182 1119 1264 1145 nen
1302 1107 1544 1150 consentiat,
1587 1107 1628 1145 in
1668 1106 1826 1145 diversa

209 1173 403 1224 opinione
426 1178 639 1211 versantur
659 1173 798 1213 ambo.
823 1178 869 1211 ut
889 1173 975 1223 ipse
996 1185 1065 1211 rex
1089 1176 1271 1210 testatur.

263 1238 449 1283 Veniam,
473 1238 609 1282 credo,
633 1238 750 1277 facile
770 1238 903 1277 dabis.
925 1238 955 1275 si
981 1237 1019 1275 in
1042 1250 1086 1276 ea
1103 1237 1317 1275 occasione
1338 1237 1454 1276 deus.
1475 1237 1597 1286 cujus
1617 1237 1831 1287 ingenium

207 1303 401 1342 acumine
422 1315 504 1342 non
527 1303 652 1341 nimis
678 1303 816 1344 enitet.
849 1307 905 1341 tot
932 1308 971 1341 ct
999 1308 1081 1340 tam
1107 1301 1297 1341 obscuris
1327 1302 1578 1352 ambagibus
1606 1306 1690 1340 tam
1717 1301 1832 1340 vehe-

211 1373 368 1408 menter
398 1368 672 1408 disturhatur.
717 1373 761 1406 ut
789 1368 878 1418 jam
915 1368 1018 1406 nihil
1055 1368 1097 1405 in
1131 1367 1339 1418 colloquio
1378 1368 1634 1417 intellegens,
1676 1381 1698 1407 a
1738 1379 1830 1417 rege

208 1438 391 1484 quaerat,
423 1446 498 1472 cur
527 1434 679 1489 lugeat..
708 1445 884 1484 quemve
913 1433 1146 1471 amicerum
1181 1433 1377 1471 amiserit.
1411 1433 1517 1470 Tum
1553 1432 1587 1470 is
1621 1433 1677 1471 ait
1712 1445 1754 1470 se
1783 1432 1833 1470 de

211 1504 340 1538 morte
359 1498 546 1538 mulieris
567 1498 716 1541 dolere,
741 1511 837 1536 cum
860 1498 910 1536 dc
932 1498 1045 1537 nulla
1062 1498 1139 1536 alia
1157 1497 1411 1536 mentionem
1430 1498 1630 1536 hactenus
1651 1497 1830 1536 secerit'.

211 1564 295 1603 Hoc
315 1577 410 1603 vero
433 1576 584 1603 nomen
604 1566 712 1615 γυνή,
737 1564 858 1614 cujus
881 1563 938 1602 xis
960 1563 1112 1614 duplex
1133 1568 1207 1605 est.
1231 1576 1328 1601 cum
1351 1563 1501 1601 mulier
1515 1568 1552 1601 et
1572 1575 1674 1601 uxor
1690 1575 1832 1613 graece

205 1632 296 1681 γυνή
319 1629 445 1667 simul
465 1629 737 1680 appellentur,
762 1641 906 1667 rursus
930 1641 1012 1666 non
1034 1628 1157 1666 sentit
1180 1628 1375 1666 Hercules
1397 1628 1592 1666 fallaciter
1620 1627 1826 1679 usurpari.

259 1694 351 1733 Jam
384 1695 495 1745 quod
531 1694 732 1744 sequitur,
770 1694 1081 1732 subobscurum
1108 1697 1181 1733 est.
1212 1705 1294 1731 non
1321 1705 1487 1744 anceps.
1521 1693 1693 1732 Alcestis
1719 1693 1831 1732 enim

210 1761 350 1808 Ξθνεῖες
380 1760 464 1810 regi
491 1764 589 1800 erat.
620 1771 718 1797 cum
739 1772 784 1797 ex
815 1759 892 1798 alia
915 1763 1049 1809 gente.
1073 1771 1094 1797 e
1121 1758 1362 1810 parentibus
1383 1758 1473 1797 aliis
1494 1763 1581 1797 orta
1603 1763 1729 1801 esset;
1760 1757 1834 1797 ubi

208 1830 346 1864 autem
375 1838 398 1864 a
424 1826 510 1864 viro
536 1826 659 1863 ducta
685 1829 783 1869 erat,
817 1825 998 1877 ἀναγκαία.
1026 1825 1143 1864 sacta.
1174 1829 1338 1862 mortuo
1368 1829 1496 1874 patre,
1529 1825 1760 1877 ὼρςκνεὺετο
1794 1824 1833 1861 in

209 1890 382 1929 aedibus
403 1891 580 1930 Admeti.

263 1955 307 1994 tn
329 1959 411 1994 toto
432 1955 559 2006 igitur
579 1956 786 2007 colloquio
808 1955 974 1994 lIcreuti
1000 1968 1048 1993 ne
1069 1956 1194 1994 semet
1215 1954 1387 2006 quidem
1407 1955 1611 1993 succurrit
1628 1967 1765 2005 regem
1784 1954 1834 1993 de

211 2033 334 2059 uxore
364 2021 492 2072 loqui.
531 2022 580 2059 Lt
606 2022 717 2060 enim
749 2022 787 2059 in
819 2021 944 2060 nanis
972 2020 1083 2072 apud
1120 2020 1437 2071 Aristophanem
1471 2025 1664 2058 strenuus
1696 2020 1835 2058 helluo

209 2090 282 2129 est,
307 2085 359 2124 ita
381 2085 423 2124 in
446 2085 522 2125 hac
545 2087 752 2137 tragoedia
771 2086 965 2125 bonitatis
986 2085 1158 2136 quidem
1185 2085 1349 2124 divinae
1375 2085 1459 2123 xim
1487 2090 1526 2123 et
1551 2086 1833 2124 efficacitatem

208 2150 392 2195 retinuit,
415 2151 544 2189 animi
567 2164 660 2190 vero
680 2151 1036 2203 perspicacitatem
1057 2164 1103 2190 ac
1124 2151 1390 2202 prudentiam
1415 2152 1496 2189 fere
1519 2150 1692 2189 omnino
1708 2151 1832 2189 exuit.

212 2215 385 2255 [teroem
400 2216 518 2255 illum
536 2229 663 2268 quem
679 2221 871 2268 agentem
888 2216 1008 2255 nobis
1025 2216 1242 2268 proposuit
1260 2221 1410 2257 noster,
1426 2228 1510 2255 non
1526 2221 1611 2255 tam
1627 2217 1835 2255 excelsum

212 2281 328 2319 tinxit
346 2286 385 2320 et
406 2282 561 2332 ingenii
581 2283 774 2321 acumine
800 2282 1009 2333 insignem
1030 2293 1159 2333 quam
1181 2281 1394 2332 vulgarem
1417 2286 1455 2319 et
1476 2286 1675 2332 tanquam
1702 2294 1723 2319 e
1750 2282 1836 2320 foro

209 2350 247 2384 et
263 2347 478 2385 communi
498 2360 511 2383 x
525 2348 575 2386 ita
599 2348 851 2386 traductum.
876 2347 1007 2398 Magis
1027 2360 1124 2397 ergo
1146 2347 1186 2385 in
1209 2346 1432 2384 hominum
1456 2359 1583 2397 quam
1601 2346 1642 2384 in
1661 2347 1834 2385 deorum

213 2423 385 2451 numero
418 2413 684 2451 collocandus
717 2425 804 2451 esse
837 2413 1014 2455 videtur,
1050 2425 1185 2464 neque
1218 2412 1303 2450 ullo
1345 2417 1464 2463 pacto
1501 2413 1547 2451 G.
1595 2412 1834 2451 Hermanno

211 2477 397 2516 assentiri
424 2491 596 2529 possum
615 2490 644 2519 2.
675 2479 746 2530 qui
768 2478 930 2529 judicat
958 2478 1131 2516 Hercule
1160 2478 1228 2516 illo
1259 2478 1319 2515 vix
1348 2478 1577 2528 quicquam
1606 2478 1790 2517 dix‘inius
1817 2490 1838 2516 a

213 2547 329 2592 poeta
350 2548 489 2582 nostro
509 2557 597 2583 esse
616 2544 909 2594 excogitatum,

268 2606 383 2647 Nunc
408 2608 460 2648 ad
487 2621 653 2648 scenam
679 2609 801 2661 plane
826 2609 1115 2649 admirabilem
1143 2609 1276 2651 venio,
1307 2621 1413 2659 quae
1444 2608 1480 2647 ἐν
1504 2616 1548 2663 τῇ
1572 2608 1687 2661 ἐξέέῳ
1708 2608 1839 2647 conti-

215 2677 332 2711 netur
347 2673 379 2711 3.
401 2674 493 2713 Jam
513 2675 616 2714 deus
637 2675 799 2714 Admeti
820 2687 991 2714 uxerem
1012 2688 1033 2713 e
1055 2675 1250 2714 manibus
1275 2674 1416 2712 Mortis
1437 2674 1474 2711 vi
1501 2674 1686 2717 abstulit,
1711 2686 1834 2725 quae.

212 2739 408 2789 adoperto
436 2740 568 2791 capite
593 2741 778 2785 inducta,
808 2741 966 2779 nullam
995 2753 1136 2779 vocem
1166 2740 1287 2779 debet
1317 2739 1502 2778 emittere
1520 2738 1551 2780 >'⁸.
1590 2740 1836 2791 priusquam

215 2803 364 2844 inferos
392 2805 490 2844 deos
520 2806 694 2856 piaculis
722 2806 957 2856 placaverit,
989 2811 1113 2857 atque
1143 2806 1257 2844 tertia
1288 2805 1375 2843 dies
1405 2805 1593 2844 eluxerit.
1638 2805 1838 2844 Admetus

272 2929 296 2948 ι.
315 2918 396 2955 Alc„
415 2919 484 2949 53¹.

267 2974 294 2995 τι.
314 2966 397 2997 Vide
414 2967 580 3006 opuscula,
598 2968 637 3003 11,
656 2977 688 3007 p.
708 2968 779 2999 318.

268 3012 297 3043 3.
322 3013 403 3049 Alc..
426 3015 615 3047 moti-1¹52.

268 3059 296 3094 ft-
323 3060 390 3091 Hac
404 3062 445 3091 de
460 3071 571 3095 cansa.
588 3072 787 3101 quanquam
806 3065 894 3093 stant
912 3064 945 3093 in
963 3063 1075 3105 >oye-513»
1094 3066 1158 3094 tre<
1175 3071 1349 3101 personae,
1369 3062 1505 3093 duobus
1521 3063 1653 3093 tantum
1668 3061 1840 3091 actoribus

218 3106 252 3137 in
272 3109 337 3137 tota
355 3110 527 3146 tragoedia
546 3112 640 3148 pocta
658 3111 707 3140 uti
725 3112 848 3149 potuit.
