2394 3660
837 440 1245 497 CONCLUSIO.

288 824 395 864 Cum
429 825 482 864 ad
511 825 637 863 finem
665 824 843 874 hujusce
872 824 1018 874 longae
1054 825 1380 876 investigationis
1406 830 1728 878 pervenerimus.
1761 836 1849 869 tum

235 890 338 941 quid
367 889 463 929 inde
491 893 783 939 consequatur,
813 902 863 927 ne
891 890 942 927 sit
968 890 1084 928 labor
1109 890 1262 932 irritus.
1293 892 1443 930 intueri
1463 899 1633 943 oportet.
1665 895 1850 933 Primum

235 967 310 1006 pro
339 959 449 993 certo
481 953 723 1005 ponendum
756 959 829 995 est.
861 955 893 992 si
924 955 1053 993 solam
1080 956 1395 1005 ambiguitatem
1419 958 1655 1008 inspexeris,
1679 966 1849 998 cunctas

235 1018 444 1070 Euripidis
472 1018 632 1057 fabulas
661 1019 782 1066 longe
812 1019 917 1057 inter
947 1032 988 1057 se
1017 1021 1116 1058 alias
1145 1033 1191 1059 ac
1220 1021 1399 1060 diversas
1429 1036 1529 1062 esse.
1562 1037 1660 1062 cum
1695 1026 1850 1063 Andro-

234 1083 434 1128 macham,
489 1084 741 1127 Heraclidas,
797 1085 1024 1128 Herculem,
1074 1086 1294 1136 Supplices,
1350 1088 1541 1129 Troadas,
1590 1088 1848 1130 Plzoenissas,

233 1149 412 1189 Orestem
445 1148 866 1187 demonstraverimus
902 1162 1027 1200 prope
1056 1151 1107 1188 ab
1142 1152 1256 1188 omni
1289 1157 1401 1201 parte
1436 1153 1512 1190 linc,
1547 1155 1720 1192 artiticio
1754 1155 1843 1204 st>li

230 1226 388 1259 vacare,
419 1214 522 1253 dum
550 1214 737 1259 Alcestis,
768 1215 918 1261 Medea,
952 1216 1203 1266 Hippolytus,
1232 1217 1394 1255 Hecuba
1426 1220 1623 1256 nonnulla
1652 1220 1846 1269 praebent

232 1280 433 1331 exempla,
464 1292 570 1330 quae
599 1279 701 1318 adeo
729 1285 945 1318 creverunt
975 1281 1015 1318 in
1045 1283 1153 1323 lone,
1185 1282 1360 1322 Electra.
1383 1282 1588 1321 ambabus
1617 1284 1845 1334 Iplu‘qeniis,

231 1344 419 1391 Bacchis,
442 1349 488 1383 ut
503 1345 599 1395 jure
618 1344 768 1383 dixeris
790 1345 938 1383 harum
963 1346 1267 1396 tragoediarum
1289 1348 1491 1396 quasdam
1514 1361 1669 1388 scenas.
1695 1349 1848 1399 quibus

232 1411 388 1461 majore
416 1422 514 1448 cura
544 1410 800 1451 studuimus,
834 1423 959 1461 prope
990 1412 1090 1449 nihil
1123 1413 1346 1452 continere.
1383 1414 1492 1462 quod
1528 1414 1768 1464 simpliciter
1799 1414 1847 1451 sit

231 1488 485 1527 expressum.

285 1540 445 1579 Primae
497 1544 650 1584 autem,
714 1552 816 1591 quas
879 1541 1201 1580 nominavimus.
1266 1543 1527 1590 ambiguitati
1591 1543 1848 1581 adhibendae

230 1605 534 1658 repugnabant,
576 1606 637 1643 vel
676 1605 812 1643 indole
848 1606 936 1656 ipsa
970 1611 1007 1644 et
1045 1611 1204 1646 natura.
1248 1620 1351 1657 quas
1394 1619 1414 1645 e
1460 1609 1685 1645 veterrimis
1733 1611 1849 1646 (irae-

231 1684 377 1711 corum
421 1672 658 1715 annalibus,
706 1672 824 1721 quasi
870 1684 1007 1709 rerum
1054 1672 1343 1710 historicarum
1393 1674 1579 1723 scriptor,
1632 1673 1846 1723 Euripides

227 1737 500 1788 deprompsit,
547 1737 610 1775 vel
648 1736 803 1786 majore
840 1749 978 1774 rerum
1017 1737 1286 1778 abundantia.
1328 1750 1453 1788 quam
1496 1738 1534 1775 in
1574 1739 1630 1775 eis
1675 1739 1846 1776 consilio

228 1802 449 1852 congessit,
495 1806 542 1839 ut
584 1801 692 1840 hanc
731 1801 895 1839 dicendi
937 1801 1208 1840 subtilitatem
1247 1802 1494 1840 adnimendi
1535 1815 1613 1840 nou
1656 1803 1843 1841 hahuerit

226 1867 450 1910 licentiam,
489 1867 551 1905 vel
587 1866 844 1905 festinatione
881 1867 1024 1906 nimia.
1065 1879 1145 1916 qua
1184 1868 1350 1904 sortasse
1385 1867 1601 1906 scribendo
1635 1881 1735 1905 usus
1769 1873 1842 1909 est.

228 1936 274 1971 ut
306 1932 448 1971 omnia
481 1943 587 1982 quae
621 1931 914 1970 redundarent,
947 1936 1015 1969 aut
1045 1931 1226 1969 laborem
1257 1932 1522 1981 requirerent.
1552 1932 1846 1970 circumcidere

225 1997 430 2037 maluerit.

280 2063 327 2102 In
365 2061 548 2102 secundo
583 2068 722 2101 autem
759 2062 995 2102 fabularum
1026 2075 1187 2112 genere,
1222 2075 1437 2113 personam
1471 2064 1708 2113 saepissime
1743 2064 1848 2101 inve-

226 2129 369 2168 nimus
407 2139 550 2172 unam,
591 2127 704 2166 alteri
745 2127 915 2166 insidias
949 2132 1175 2178 parantem.
1213 2127 1329 2165 Tunc
1359 2140 1446 2165 eam
1485 2129 1542 2165 sie
1578 2133 1695 2178 poeta
1731 2129 1844 2178 loqui

226 2194 370 2239 voluit,
394 2198 440 2232 ut
460 2193 576 2232 dolos
597 2193 654 2232 rei
680 2193 867 2232 conscios
895 2198 1141 2244 spectatores
1167 2193 1344 2233 doceret.
1373 2193 1563 2243 quamvis
1591 2194 1712 2231 altera
1742 2194 1845 2232 nihil

226 2271 274 2299 ex
293 2259 448 2298 eisdem
469 2258 590 2297 dietis
611 2259 661 2297 de
681 2258 824 2297 fraude
847 2259 1137 2309 suspicaretur.
1162 2258 1349 2308 Aescli5li
1381 2270 1473 2295 xero
1502 2261 1842 2308 Aqamemnonem

226 2330 266 2365 et
289 2325 554 2364 Philoctetam
587 2324 799 2376 Sophoclis
833 2325 865 2362 si
895 2324 1020 2362 semel
1048 2324 1229 2362 studiose
1255 2324 1465 2363 evolveris.
1496 2324 1601 2361 lianc
1627 2324 1846 2374 dupliciter

226 2390 393 2430 dicendi
419 2394 547 2428 artem
574 2389 767 2427 facillime
794 2390 983 2440 reperies.
1014 2389 1179 2439 Oportet
1210 2389 1337 2438 igitur
1363 2389 1564 2427 concedas
1587 2389 1696 2427 illam
1719 2390 1847 2427 ambi-

227 2456 428 2506 guitatem
449 2455 500 2494 ab
520 2455 719 2494 omnibus
741 2455 906 2504 tragicis
927 2456 1176 2492 Graecorum
1198 2455 1327 2505 poetis
1355 2455 1412 2492 sic
1433 2455 1558 2491 fuisse
1585 2459 1842 2504 usurpatau‘i.

227 2533 333 2573 quae
352 2521 396 2559 in
416 2521 632 2568 ἐπεισεδίεες
661 2532 815 2571 sparsa,
844 2532 993 2570 parum
1022 2520 1205 2570 repetita.
1235 2524 1270 2556 et
1300 2520 1341 2557 in
1369 2524 1451 2558 tota
1480 2532 1597 2557 scena
1626 2532 1841 2570 uunquam

228 2587 482 2631 continuata,
514 2586 625 2636 ipsos
661 2589 939 2636 spectatorum
978 2585 1139 2623 animos
1173 2597 1219 2623 eo
1259 2585 1392 2635 magis
1428 2590 1717 2624 commoveret.
1759 2598 1842 2636 quo

227 2652 370 2690 minus
395 2651 446 2690 ab
472 2651 670 2689 omnibus
696 2655 1009 2701 exspectaretur.

282 2716 431 2754 Contra
452 2715 494 2753 in
515 2716 673 2755 ceteris.
696 2727 874 2765 quarum
899 2716 1053 2753 nullam
1077 2720 1235 2753 constat
1251 2720 1343 2753 ante
1360 2715 1536 2755 lvioesse
1551 2715 1839 2765 compositam.

229 2793 252 2819 a
281 2779 582 2818 consuetudine
612 2780 860 2829 tragicorum
898 2780 1110 2817 deflectere
1140 2779 1356 2830 Euripides
1389 2779 1564 2820 videtur.
1602 2780 1711 2830 quod
1750 2792 1846 2816 non-

230 2844 367 2882 nullas
384 2843 620 2881 fabularum
644 2848 777 2893 partes
799 2843 1079 2881 sollertissima
1102 2843 1281 2893 quadam
1305 2842 1467 2880 dicendi
1492 2844 1645 2880 ratione
1674 2843 1842 2883 refersit.

230 2921 358 2960 quarn
393 2919 605 2959 personae,
643 2907 741 2945 haec
776 2908 1013 2958 prudenter,
1053 2908 1336 2958 imprudenter
1364 2908 1445 2947 illa.
1484 2913 1679 2957 utraeque
1708 2913 1843 2945 tamen

231 2975 370 3013 minus
401 2978 560 3015 natura,
591 2985 717 3022 quam
749 2973 911 3023 propria
942 2973 1150 3022 scriptoris
1183 2973 1389 3010 mluntate
1419 2973 1580 3014 ductae,
1613 2973 1845 3010 diutissime

231 3038 527 3094 producebant.
551 3036 635 3075 lloc
656 3036 826 3086 quidem
848 3037 1003 3075 scimus
1025 3037 1065 3074 in
1087 3037 1392 3087 perfectissimis
1415 3036 1622 3088 Euripidis
1649 3036 1842 3089 operibus
