2394 3660
737 170 867 198 CAPUT
898 169 982 195 vlu.
1006 178 1055 183 —
1085 167 1137 193 DE
1165 167 1270 193 IGNE.
1768 166 1815 203 39

203 265 405 309 nuntiato,
435 263 585 301 intacta
620 264 861 302 servaretur,
899 257 995 297 satis
1028 261 1165 295 tamen
1195 255 1354 305 justam
1392 264 1561 292 causam
1596 252 1741 290 habuit
1777 252 1817 290 in

203 330 360 369 ratione
379 328 544 372 tenoris,
568 339 651 378 qua
671 336 869 377 personae
889 323 994 361 inter
1014 334 1055 360 se
1075 319 1348 371 colloquendo
1369 331 1467 357 usae
1487 322 1598 356 sunt.

257 389 364 433 Illud
402 393 573 444 quidem
605 392 648 430 in
682 388 908 439 germanici
942 386 1070 426 critici
1103 386 1208 424 libro
1242 384 1492 427 invenimus,
1529 394 1655 434 quem
1695 394 1818 433 supra

205 458 527 499 nominavimus.
558 456 697 495 Mirari
731 460 867 494 tamen
900 452 1032 504 possis
1077 451 1211 489 virum
1243 450 1361 488 illum
1399 449 1703 491 doctissimum,
1736 460 1820 497 quo

203 525 395 563 acumine
433 523 590 574 ingenii
626 519 897 573 praestantior
936 517 1046 556 ullus
1085 516 1150 554 vix
1184 528 1270 554 esse
1304 519 1450 565 potest,
1487 513 1817 563 ambiguitatem.

204 603 310 641 quae
338 590 381 628 in
407 600 527 627 versu
556 601 629 640 7¹7
653 585 900 628 continetur,
924 580 1259 634 praetermisisse.
1284 579 1457 618 Omissis
1478 579 1589 617 enim
1612 578 1819 618 trimetris.

205 666 309 706 quos
330 651 643 704 Amphitryonis
664 648 860 688 trimetris
880 647 1012 697 Lycus
1033 645 1272 696 interponit,
1298 644 1354 682 sic
1376 644 1441 682 ille
1462 643 1646 693 loquitur
1665 655 1672 680 :

578 754 686 791 Δεκῶ
707 751 772 800 μὲν
796 750 922 798 αὐτὴν,
945 749 996 796 ὡς
1016 749 1168 800 θύραθεν
1193 746 1350 794 εἰκάσῃ,

583 817 695 856 ἱκέτιν
718 816 809 867 πρὸς
830 816 957 865 ἁγνεῖς
977 813 1099 860 ἑστίαις
1119 813 1263 851 θάσσειν
1287 812 1452 863 βάθρεις,

574 881 636 921 22².
656 882 716 920 τἐν
737 883 890 920 Onu-aiva
909 878 944 930 γ’
965 878 1168 917 ἀνακαλεῖν
1191 879 1311 926 μάτην
1332 878 1450 915 πέσεν.

261 1002 306 1041 In
335 1002 412 1040 hac
441 1012 535 1039 vero
563 999 764 1051 particula
793 1014 838 1050 ,2
867 997 926 1035 vis
957 996 1110 1048 duplex
1140 995 1298 1037 eadem,
1329 1006 1435 1044 quae
1465 994 1595 1044 prius,
1629 994 1749 1039 inest,
1783 998 1826 1030 ut

209 1080 307 1106 cum
328 1079 472 1106 omnes
493 1065 679 1104 noverint
702 1064 920 1102 Herculem
947 1076 991 1100 ex
1014 1062 1118 1101 Orco
1144 1054 1304 1100 salvum
1325 1059 1508 1103 rediisse,
1531 1059 1667 1098 credat
1689 1063 1828 1097 contra

212 1133 342 1183 Lycus
370 1145 465 1172 eum
494 1144 581 1170 esse
610 1133 862 1169 mortuum&

601 1507 823 1557 CAPUT
872 1507 1013 1556 Vlll.
1043 1535 1101 1542 -
1141 1506 1223 1555 DE
1270 1505 1450 1555 lONE.

270 1806 422 1847 Fabula
453 1806 689 1856 incipiente,
714 1806 884 1844 Hermes
907 1806 947 1843 in
970 1806 1141 1856 prologo
1163 1805 1462 1856 spectatoribus·
1488 1807 1638 1843 narrat.
1662 1802 1837 1842 Creusae

218 1873 379 1925 xirgini,
410 1871 627 1910 Erechthei
655 1871 775 1914 filiae,
807 1871 927 1910 nores
954 1871 1005 1909 ad
1035 1871 1249 1909 tumulum
1280 1870 1434 1908 Palladi
1464 1869 1701 1907 dedicatum
1731 1867 1839 1906 colli-

219 1940 344 1987 genti,
386 1938 471 1975 vim
511 1937 724 1988 quondam
760 1937 995 1988 Apollinem
1029 1936 1229 1979 attulisse,
1263 1936 1340 1974 sub
1375 1935 1551 1986 rupibus
1586 1947 1689 1985 quas
1724 1933 1841 1971 Athe-

220 2006 381 2044 nienses
401 2007 540 2057 πέτρας
561 2005 708 2056 μικράς
734 2003 1059 2054 appellaverunt,
1083 2002 1178 2040 inde
1208 2006 1456 2052 conceptum
1487 2014 1507 2039 e
1537 2005 1680 2051 stupro
1707 1999 1841 2037 filium

219 2075 392 2110 matrem
420 2069 485 2108 die
513 2069 602 2119 ipso
630 2068 755 2106 natali
782 2067 1034 2118 exposuisse,
1060 2067 1101 2105 in
1130 2067 1275 2105 eodem
1302 2067 1392 2105 loco
1419 2078 1503 2117 quo
1530 2066 1694 2116 genitus
1715 2068 1839 2107 esset;

218 2147 398 2188 puerum
434 2146 528 2172 vero
565 2145 648 2172 non
684 2133 867 2185 periisse,
906 2133 977 2172 sed
1012 2132 1209 2183 Delphos,
1248 2136 1417 2171 curante
1452 2136 1580 2182 patre,
1613 2143 1700 2169 esse
1734 2129 1843 2168 dela-

221 2207 330 2245 tum:
374 2205 464 2238 tum
503 2199 703 2238 infantem
741 2199 785 2237 in
825 2199 979 2249 templo
1011 2199 1219 2250 jacentem
1254 2197 1407 2237 Phoebi
1441 2196 1669 2245 antistitam
1709 2195 1843 2246 prima

222 2268 315 2306 luce
341 2265 562 2309 invenisse,
594 2270 646 2309 et,
678 2264 961 2303 misericordia
990 2268 1258 2306 commotam,
1289 2263 1483 2302 extulisse
1514 2267 1552 2301 et
1581 2261 1839 2301 enutrivisse.

221 2332 304 2376 cui,
327 2331 401 2370 ubi
426 2331 613 2382 primum
643 2329 876 2373 adoleverit,
899 2329 1048 2380 Delphi
1073 2330 1286 2368 thesauros
1315 2328 1457 2379 templi
1485 2327 1707 2366 servandos
1736 2338 1845 2365 com-

223 2396 422 2436 miserint.

277 2462 434 2501 Interea
461 2463 659 2501 Creusam
687 2461 861 2506 Xuthos,
890 2461 951 2499 vir
977 2460 1195 2504 Achaicus,
1232 2459 1362 2497 duxit.
1402 2460 1652 2509 Quanquam
1692 2457 1846 2496 multos

223 2540 354 2566 annos
389 2528 656 2566 matrimonio
689 2527 902 2578 conjuncti
938 2531 1048 2569 sunt,
1082 2526 1271 2565 nondum
1303 2525 1433 2563 ullam
1466 2525 1722 2576 progeniem.
1755 2536 1776 2561 a
1807 2535 1848 2561 se

225 2593 487 2632 xehementer
513 2597 759 2644 exoptatam,
794 2592 1046 2630 habuerunt.
1070 2591 1201 2642 Cujus
1227 2589 1442 2629 obtinendi
1468 2602 1607 2633 eausa,
1630 2589 1847 2627 oraculum

230 2657 474 2709 Delphicum
502 2658 670 2697 adeunt.
696 2657 882 2696 Xuthum
911 2670 1005 2696 vero
1027 2657 1116 2708 jam
1148 2657 1302 2695 scimus
1330 2655 1532 2706 Apollinis
1559 2655 1694 2693 filium
1722 2665 1847 2692 suum

226 2736 313 2762 esse
332 2722 591 2767 habiturum,
615 2723 896 2773 Creusamque
921 2723 1056 2774 ipsam
1082 2726 1176 2772 post
1201 2722 1355 2760 multos
1376 2725 1415 2759 et
1434 2721 1567 2759 varios
1587 2732 1721 2763 casus,
1746 2719 1846 2762 viro,

221 2789 316 2839 jure
342 2788 524 2829 meliore.
555 2800 866 2827 consensuram.

280 2853 373 2892 Jam
395 2852 446 2892 ab
467 2853 584 2893 initio
605 2853 776 2893 secundi
797 2858 914 2893 actus
934 2858 1064 2892 mater
1083 2858 1122 2892 et
1142 2852 1253 2891 filius
1270 2853 1535 2892 conveniunt.
1556 2851 1663 2890 Tum
1680 2851 1846 2892 Creusa.

285 2999 309 3021 1.
336 2989 463 3022 Eodem
490 2990 635 3022 artificio
660 2999 776 3021 versus
803 3001 860 3031 7¹9
889 2990 1025 3024 dicitur.
1053 2990 1146 3029 quod
1172 2989 1285 3020 licebit
1314 2990 1460 3020 breviter
1485 2988 1765 3019 animadvertere.
1785 2987 1851 3017 Rex

228 3040 320 3069 enim
348 3048 416 3069 non
441 3039 626 3069 arbitratur
647 3039 781 3069 evenire
802 3047 911 3077 posse.
928 3039 1021 3077 quod
1044 3040 1138 3077 puter
1159 3038 1276 3068 animo
1293 3039 1422 3076 tingere
1438 3037 1583 3067 videtur.
1603 3036 1665 3066 Res
1682 3045 1760 3067 vero
1777 3036 1851 3066 ficta

224 3087 296 3124 Jam
316 3087 430 3117 effecta
447 3088 508 3120 est,
527 3095 605 3116 cum
624 3086 783 3116 Hercules
801 3086 835 3115 in
851 3086 992 3116 aedibus
1009 3086 1108 3117 adsit,
1128 3087 1162 3114 ut
1181 3094 1325 3124 poenam
1341 3094 1358 3115 a
1377 3085 1461 3123 Lyco
1475 3085 1613 3123 repetat.
