<?xml version="1.0" encoding="UTF-8"?>
<!DOCTYPE html PUBLIC "-//W3C//DTD XHTML 1.0 Transitional//EN"
    "http://www.w3.org/TR/xhtml1/DTD/xhtml1-transitional.dtd">
<html xmlns="http://www.w3.org/1999/xhtml" xml:lang="en" lang="en">
 <head>
  <title>
</title>
<meta http-equiv="Content-Type" content="text/html;charset=utf-8" />
  <meta name='ocr-system' content='tesseract 3.04.00' />
  <meta name='ocr-capabilities' content='ocr_page ocr_carea ocr_par ocr_line ocrx_word'/>
</head>
<body>
  <div class='ocr_page' id='page_1' title='image "./detragicaambigui00masquoft_0017.png"; bbox 0 0 2394 3660; ppageno 0'>
   <div class='ocr_carea' id='block_1_1' title="bbox 525 441 1490 493">
    <p class='ocr_par' dir='ltr' id='par_1_1' title="bbox 525 441 1490 493">
     <span class='ocr_line' id='line_1_1' title="bbox 525 441 1490 493; baseline 0 -2"><span class='ocrx_word' id='word_1_1' title='bbox 525 442 750 493; x_wconf 79' lang='lat' dir='ltr'>CAPL&#39;T</span> <span class='ocrx_word' id='word_1_2' title='bbox 795 443 830 492; x_wconf 93' lang='lat'><strong>1.</strong></span> <span class='ocrx_word' id='word_1_3' title='bbox 862 471 921 478; x_wconf 89' lang='lat'>—</span> <span class='ocrx_word' id='word_1_4' title='bbox 959 442 1042 491; x_wconf 85' lang='lat' dir='ltr'><strong>DE</strong></span> <span class='ocrx_word' id='word_1_5' title='bbox 1090 441 1490 492; x_wconf 76' lang='lat' dir='ltr'><strong>ALCESTIDE.</strong></span> 
     </span>
    </p>
   </div>
   <div class='ocr_carea' id='block_1_2' title="bbox 171 777 1816 2976">
    <p class='ocr_par' dir='ltr' id='par_1_2' title="bbox 192 777 1816 1152">
     <span class='ocr_line' id='line_1_2' title="bbox 251 777 1816 829; baseline -0.001 -11"><span class='ocrx_word' id='word_1_6' title='bbox 251 779 405 818; x_wconf 84' lang='lat' dir='ltr'><strong>Fabula</strong></span> <span class='ocrx_word' id='word_1_7' title='bbox 433 777 646 818; x_wconf 78' lang='lat' dir='ltr'><strong>Alcestidis</strong></span> <span class='ocrx_word' id='word_1_8' title='bbox 672 789 915 828; x_wconf 80' lang='lat' dir='ltr'>quanquam</span> <span class='ocrx_word' id='word_1_9' title='bbox 952 778 1072 816; x_wconf 87' lang='lat' dir='ltr'><strong>nobis</strong></span> <span class='ocrx_word' id='word_1_10' title='bbox 1106 777 1240 828; x_wconf 86' lang='lat' dir='ltr'><strong>prima</strong></span> <span class='ocrx_word' id='word_1_11' title='bbox 1267 778 1451 827; x_wconf 72' lang='lat' dir='ltr'><strong>pervenit</strong></span> <span class='ocrx_word' id='word_1_12' title='bbox 1487 778 1676 817; x_wconf 85' lang='lat' dir='ltr'><strong>omnium</strong></span> <span class='ocrx_word' id='word_1_13' title='bbox 1712 792 1816 829; x_wconf 81' lang='lat' dir='ltr'><strong>quas</strong></span> 
     </span>
     <span class='ocr_line' id='line_1_3' title="bbox 194 842 1809 895; baseline -0.001 -12"><span class='ocrx_word' id='word_1_14' title='bbox 194 843 429 895; x_wconf 84' lang='lat' dir='ltr'>composuit</span> <span class='ocrx_word' id='word_1_15' title='bbox 448 842 680 893; x_wconf 83' lang='lat' dir='ltr'><strong>Euripides.</strong></span> <span class='ocrx_word' id='word_1_16' title='bbox 704 847 842 881; x_wconf 88' lang='lat' dir='ltr'><strong>tamen</strong></span> <span class='ocrx_word' id='word_1_17' title='bbox 869 843 1054 880; x_wconf 86' lang='lat' dir='ltr'><strong>multum</strong></span> <span class='ocrx_word' id='word_1_18' title='bbox 1080 843 1196 881; x_wconf 89' lang='lat' dir='ltr'><strong>abest</strong></span> <span class='ocrx_word' id='word_1_19' title='bbox 1222 847 1268 880; x_wconf 89' lang='lat' dir='ltr'><strong>ut</strong></span> <span class='ocrx_word' id='word_1_20' title='bbox 1294 843 1454 881; x_wconf 89' lang='lat' dir='ltr'><strong>nullam</strong></span> <span class='ocrx_word' id='word_1_21' title='bbox 1481 844 1597 893; x_wconf 82' lang='lat' dir='ltr'><strong>prius</strong></span> <span class='ocrx_word' id='word_1_22' title='bbox 1623 844 1809 883; x_wconf 80' lang='lat' dir='ltr'><strong>ediderit.</strong></span> 
     </span>
     <span class='ocr_line' id='line_1_4' title="bbox 193 907 1814 958; baseline -0.001 -10"><span class='ocrx_word' id='word_1_23' title='bbox 193 909 327 958; x_wconf 88' lang='lat' dir='ltr'><strong>Quem</strong></span> <span class='ocrx_word' id='word_1_24' title='bbox 356 908 452 946; x_wconf 88' lang='lat' dir='ltr'><strong>satis</strong></span> <span class='ocrx_word' id='word_1_25' title='bbox 481 912 656 949; x_wconf 87' lang='lat' dir='ltr'><strong>constat,</strong></span> <span class='ocrx_word' id='word_1_26' title='bbox 688 920 785 946; x_wconf 91' lang='lat' dir='ltr'><strong>cum</strong></span> <span class='ocrx_word' id='word_1_27' title='bbox 816 907 926 945; x_wconf 85' lang='lat' dir='ltr'><strong>ludis</strong></span> <span class='ocrx_word' id='word_1_28' title='bbox 956 907 1054 946; x_wconf 86' lang='lat' dir='ltr'><strong>anni</strong></span> <span class='ocrx_word' id='word_1_29' title='bbox 1088 907 1164 948; x_wconf 76' lang='lat'><strong>438</strong></span> <span class='ocrx_word' id='word_1_30' title='bbox 1194 907 1368 946; x_wconf 72' lang='lat' dir='ltr'><strong>Alcestis</strong></span> <span class='ocrx_word' id='word_1_31' title='bbox 1394 908 1621 948; x_wconf 81' lang='lat' dir='ltr'><strong>doceretur.</strong></span> <span class='ocrx_word' id='word_1_32' title='bbox 1654 909 1814 947; x_wconf 83' lang='lat' dir='ltr'><strong>circiter</strong></span> 
     </span>
     <span class='ocr_line' id='line_1_5' title="bbox 192 972 1811 1024; baseline -0.001 -12"><span class='ocrx_word' id='word_1_33' title='bbox 192 973 298 1012; x_wconf 89' lang='lat' dir='ltr'><strong>duos</strong></span> <span class='ocrx_word' id='word_1_34' title='bbox 317 977 356 1011; x_wconf 90' lang='lat' dir='ltr'><strong>et</strong></span> <span class='ocrx_word' id='word_1_35' title='bbox 374 972 648 1024; x_wconf 88' lang='lat' dir='ltr'><strong>quadraginta</strong></span> <span class='ocrx_word' id='word_1_36' title='bbox 670 984 800 1011; x_wconf 90' lang='lat' dir='ltr'><strong>annos</strong></span> <span class='ocrx_word' id='word_1_37' title='bbox 822 977 967 1012; x_wconf 87' lang='lat' dir='ltr'><strong>natum</strong></span> <span class='ocrx_word' id='word_1_38' title='bbox 990 972 1112 1011; x_wconf 89' lang='lat' dir='ltr'><strong>rebus</strong></span> <span class='ocrx_word' id='word_1_39' title='bbox 1131 972 1404 1021; x_wconf 78' lang='lat' dir='ltr'><strong>scenicisjam</strong></span> <span class='ocrx_word' id='word_1_40' title='bbox 1429 973 1637 1011; x_wconf 70' lang='lat' dir='ltr'><strong>studuisse</strong></span> <span class='ocrx_word' id='word_1_41' title='bbox 1659 974 1811 1011; x_wconf 80' lang='lat' dir='ltr'><strong>abhinc</strong></span> 
     </span>
     <span class='ocr_line' id='line_1_6' title="bbox 192 1037 1807 1089; baseline 0.001 -13"><span class='ocrx_word' id='word_1_42' title='bbox 192 1049 322 1076; x_wconf 87' lang='lat' dir='ltr'><strong>annos</strong></span> <span class='ocrx_word' id='word_1_43' title='bbox 350 1042 506 1088; x_wconf 84' lang='lat' dir='ltr'><strong>septem</strong></span> <span class='ocrx_word' id='word_1_44' title='bbox 533 1042 571 1075; x_wconf 91' lang='lat' dir='ltr'><strong>et</strong></span> <span class='ocrx_word' id='word_1_45' title='bbox 596 1038 753 1081; x_wconf 89' lang='lat' dir='ltr'><strong>decem,</strong></span> <span class='ocrx_word' id='word_1_46' title='bbox 783 1042 822 1075; x_wconf 85' lang='lat' dir='ltr'><strong>et</strong></span> <span class='ocrx_word' id='word_1_47' title='bbox 847 1037 889 1074; x_wconf 92' lang='lat' dir='ltr'><strong>in</strong></span> <span class='ocrx_word' id='word_1_48' title='bbox 917 1050 963 1076; x_wconf 83' lang='lat' dir='ltr'><strong>ea</strong></span> <span class='ocrx_word' id='word_1_49' title='bbox 989 1042 1120 1076; x_wconf 89' lang='lat' dir='ltr'><strong>aetate</strong></span> <span class='ocrx_word' id='word_1_50' title='bbox 1145 1037 1286 1080; x_wconf 78' lang='lat' dir='ltr'><strong>fuisse,</strong></span> <span class='ocrx_word' id='word_1_51' title='bbox 1311 1037 1350 1075; x_wconf 91' lang='lat' dir='ltr'><strong>in</strong></span> <span class='ocrx_word' id='word_1_52' title='bbox 1373 1051 1456 1088; x_wconf 83' lang='lat' dir='ltr'><strong>qna</strong></span> <span class='ocrx_word' id='word_1_53' title='bbox 1476 1051 1628 1089; x_wconf 83' lang='lat' dir='ltr'><strong>corpus</strong></span> <span class='ocrx_word' id='word_1_54' title='bbox 1649 1039 1807 1077; x_wconf 83' lang='lat' dir='ltr'><strong>robore.</strong></span> 
     </span>
     <span class='ocr_line' id='line_1_7' title="bbox 192 1102 1059 1152; baseline 0.001 -13"><span class='ocrx_word' id='word_1_55' title='bbox 192 1102 330 1152; x_wconf 89' lang='lat' dir='ltr'><strong>vigore</strong></span> <span class='ocrx_word' id='word_1_56' title='bbox 349 1102 567 1152; x_wconf 84' lang='lat' dir='ltr'><strong>ingenium</strong></span> <span class='ocrx_word' id='word_1_57' title='bbox 588 1102 667 1140; x_wconf 83' lang='lat' dir='ltr'><strong>frui</strong></span> <span class='ocrx_word' id='word_1_58' title='bbox 690 1102 870 1141; x_wconf 82' lang='lat' dir='ltr'><strong>maxime</strong></span> <span class='ocrx_word' id='word_1_59' title='bbox 891 1103 1059 1141; x_wconf 82' lang='lat' dir='ltr'><strong>soleant.</strong></span> 
     </span>
    </p>

    <p class='ocr_par' dir='ltr' id='par_1_3' title="bbox 182 1167 1811 1806">
     <span class='ocr_line' id='line_1_8' title="bbox 245 1167 1810 1219; baseline 0.002 -14"><span class='ocrx_word' id='word_1_60' title='bbox 245 1167 350 1206; x_wconf 88' lang='lat' dir='ltr'><strong>Illud</strong></span> <span class='ocrx_word' id='word_1_61' title='bbox 370 1172 508 1206; x_wconf 87' lang='lat' dir='ltr'><strong>autem</strong></span> <span class='ocrx_word' id='word_1_62' title='bbox 529 1180 635 1218; x_wconf 85' lang='lat' dir='ltr'><strong>opus</strong></span> <span class='ocrx_word' id='word_1_63' title='bbox 659 1168 699 1206; x_wconf 88' lang='lat' dir='ltr'><strong>in</strong></span> <span class='ocrx_word' id='word_1_64' title='bbox 719 1180 803 1218; x_wconf 89' lang='lat' dir='ltr'><strong>quo</strong></span> <span class='ocrx_word' id='word_1_65' title='bbox 824 1168 988 1219; x_wconf 81' lang='lat' dir='ltr'><strong>saepius</strong></span> <span class='ocrx_word' id='word_1_66' title='bbox 1009 1168 1165 1218; x_wconf 82' lang='lat' dir='ltr'><strong>optima</strong></span> <span class='ocrx_word' id='word_1_67' title='bbox 1186 1180 1375 1218; x_wconf 82' lang='lat' dir='ltr'><strong>quaeque</strong></span> <span class='ocrx_word' id='word_1_68' title='bbox 1394 1169 1515 1206; x_wconf 73' lang='lat' dir='ltr'><strong>rebus</strong></span> <span class='ocrx_word' id='word_1_69' title='bbox 1531 1169 1671 1206; x_wconf 78' lang='lat' dir='ltr'><strong>minus</strong></span> <span class='ocrx_word' id='word_1_70' title='bbox 1690 1169 1810 1208; x_wconf 83' lang='lat' dir='ltr'><strong>bonis</strong></span> 
     </span>
     <span class='ocr_line' id='line_1_9' title="bbox 190 1232 1811 1284; baseline 0.001 -14"><span class='ocrx_word' id='word_1_71' title='bbox 190 1232 381 1271; x_wconf 88' lang='lat' dir='ltr'><strong>nonnulli</strong></span> <span class='ocrx_word' id='word_1_72' title='bbox 403 1233 741 1272; x_wconf 77' lang='lat' dir='ltr'><strong>existimaverunt</strong></span> <span class='ocrx_word' id='word_1_73' title='bbox 768 1245 864 1271; x_wconf 89' lang='lat' dir='ltr'><strong>eum</strong></span> <span class='ocrx_word' id='word_1_74' title='bbox 892 1233 1188 1283; x_wconf 57' lang='lat' dir='ltr'><strong>inquiiiawisse,</strong></span> <span class='ocrx_word' id='word_1_75' title='bbox 1213 1245 1310 1271; x_wconf 87' lang='lat' dir='ltr'><strong>cum</strong></span> <span class='ocrx_word' id='word_1_76' title='bbox 1334 1234 1448 1270; x_wconf 77' lang='lat' dir='ltr'><strong>nullo</strong></span> <span class='ocrx_word' id='word_1_77' title='bbox 1474 1234 1552 1271; x_wconf 79' lang='lat' dir='ltr'><strong>alio</strong></span> <span class='ocrx_word' id='word_1_78' title='bbox 1579 1238 1648 1272; x_wconf 90' lang='lat' dir='ltr'><strong>aut</strong></span> <span class='ocrx_word' id='word_1_79' title='bbox 1675 1234 1811 1284; x_wconf 86' lang='lat' dir='ltr'><strong>cujus-</strong></span> 
     </span>
     <span class='ocr_line' id='line_1_10' title="bbox 187 1294 1807 1349; baseline 0.001 -13"><span class='ocrx_word' id='word_1_80' title='bbox 187 1298 262 1342; x_wconf 75' lang='lat' dir='ltr'><strong>vis,</strong></span> <span class='ocrx_word' id='word_1_81' title='bbox 299 1302 371 1337; x_wconf 85' lang='lat' dir='ltr'><strong>aut</strong></span> <span class='ocrx_word' id='word_1_82' title='bbox 403 1298 589 1349; x_wconf 87' lang='lat' dir='ltr'><strong>ejusdem</strong></span> <span class='ocrx_word' id='word_1_83' title='bbox 625 1299 834 1349; x_wconf 87' lang='lat' dir='ltr'><strong>scriptoris</strong></span> <span class='ocrx_word' id='word_1_84' title='bbox 868 1299 1199 1349; x_wconf 88' lang='lat' dir='ltr'><strong>comparandum</strong></span> <span class='ocrx_word' id='word_1_85' title='bbox 1235 1303 1309 1341; x_wconf 84' lang='lat' dir='ltr'><strong>est,</strong></span> <span class='ocrx_word' id='word_1_86' title='bbox 1346 1299 1441 1348; x_wconf 80' lang='lat' dir='ltr'><strong>quia</strong></span> <span class='ocrx_word' id='word_1_87' title='bbox 1478 1294 1614 1337; x_wconf 77' lang='lat' dir='ltr'><strong>locuni</strong></span> <span class='ocrx_word' id='word_1_88' title='bbox 1647 1299 1807 1348; x_wconf 68' lang='lat' dir='ltr'><strong>satyrici</strong></span> 
     </span>
     <span class='ocr_line' id='line_1_11' title="bbox 187 1363 1808 1418; baseline 0.001 -17"><span class='ocrx_word' id='word_1_89' title='bbox 187 1363 386 1402; x_wconf 82' lang='lat' dir='ltr'><strong>dramatis</strong></span> <span class='ocrx_word' id='word_1_90' title='bbox 406 1364 444 1403; x_wconf 72' lang='grc' dir='ltr'><strong>ἐν</strong></span> <span class='ocrx_word' id='word_1_91' title='bbox 470 1372 515 1418; x_wconf 81' lang='grc' dir='ltr'><strong>τῇ</strong></span> <span class='ocrx_word' id='word_1_92' title='bbox 542 1365 767 1418; x_wconf 48' lang='lat' dir='ltr'><strong>serpula-54:32</strong></span> <span class='ocrx_word' id='word_1_93' title='bbox 792 1363 1017 1402; x_wconf 76' lang='lat' dir='ltr'><strong>obtinebat.</strong></span> <span class='ocrx_word' id='word_1_94' title='bbox 1055 1363 1153 1402; x_wconf 89' lang='lat' dir='ltr'><strong>lnde</strong></span> <span class='ocrx_word' id='word_1_95' title='bbox 1182 1364 1358 1414; x_wconf 80' lang='lat' dir='ltr'><strong>tragicae</strong></span> <span class='ocrx_word' id='word_1_96' title='bbox 1388 1364 1589 1402; x_wconf 74' lang='lat' dir='ltr'><strong>severitati</strong></span> <span class='ocrx_word' id='word_1_97' title='bbox 1618 1376 1808 1402; x_wconf 88' lang='lat' dir='ltr'><strong>nonnun-</strong></span> 
     </span>
     <span class='ocr_line' id='line_1_12' title="bbox 186 1428 1802 1480; baseline 0.001 -14"><span class='ocrx_word' id='word_1_98' title='bbox 186 1440 315 1479; x_wconf 83' lang='lat' dir='ltr'><strong>quam</strong></span> <span class='ocrx_word' id='word_1_99' title='bbox 334 1433 551 1480; x_wconf 81' lang='lat' dir='ltr'><strong>repugnat,</strong></span> <span class='ocrx_word' id='word_1_100' title='bbox 571 1441 668 1467; x_wconf 89' lang='lat' dir='ltr'><strong>cum</strong></span> <span class='ocrx_word' id='word_1_101' title='bbox 686 1428 873 1467; x_wconf 85' lang='lat' dir='ltr'><strong>Herculis</strong></span> <span class='ocrx_word' id='word_1_102' title='bbox 889 1428 1067 1467; x_wconf 76' lang='lat' dir='ltr'><strong>edacitas</strong></span> <span class='ocrx_word' id='word_1_103' title='bbox 1088 1433 1251 1468; x_wconf 75' lang='lat' dir='ltr'><strong>moveat</strong></span> <span class='ocrx_word' id='word_1_104' title='bbox 1272 1428 1417 1472; x_wconf 86' lang='lat' dir='ltr'><strong>risum,</strong></span> <span class='ocrx_word' id='word_1_105' title='bbox 1437 1434 1475 1467; x_wconf 86' lang='lat' dir='ltr'><strong>et</strong></span> <span class='ocrx_word' id='word_1_106' title='bbox 1496 1429 1639 1467; x_wconf 86' lang='lat' dir='ltr'><strong>mortis</strong></span> <span class='ocrx_word' id='word_1_107' title='bbox 1652 1434 1802 1469; x_wconf 80' lang='lat' dir='ltr'><strong>metus.</strong></span> 
     </span>
     <span class='ocr_line' id='line_1_13' title="bbox 186 1493 1806 1546; baseline 0.001 -14"><span class='ocrx_word' id='word_1_108' title='bbox 186 1505 312 1546; x_wconf 90' lang='lat' dir='ltr'><strong>quem</strong></span> <span class='ocrx_word' id='word_1_109' title='bbox 346 1494 545 1534; x_wconf 85' lang='lat' dir='ltr'><strong>Admetus</strong></span> <span class='ocrx_word' id='word_1_110' title='bbox 579 1506 626 1533; x_wconf 88' lang='lat' dir='ltr'><strong>ac</strong></span> <span class='ocrx_word' id='word_1_111' title='bbox 659 1494 809 1532; x_wconf 82' lang='lat' dir='ltr'><strong>Pheres</strong></span> <span class='ocrx_word' id='word_1_112' title='bbox 840 1498 923 1532; x_wconf 86' lang='lat' dir='ltr'><strong>tam</strong></span> <span class='ocrx_word' id='word_1_113' title='bbox 951 1493 1133 1543; x_wconf 90' lang='lat' dir='ltr'><strong>ingenue</strong></span> <span class='ocrx_word' id='word_1_114' title='bbox 1160 1506 1257 1544; x_wconf 86' lang='lat' dir='ltr'><strong>prae</strong></span> <span class='ocrx_word' id='word_1_115' title='bbox 1288 1507 1329 1532; x_wconf 83' lang='lat' dir='ltr'><strong>se</strong></span> <span class='ocrx_word' id='word_1_116' title='bbox 1358 1494 1509 1535; x_wconf 82' lang='lat' dir='ltr'><strong>ferunt.</strong></span> <span class='ocrx_word' id='word_1_117' title='bbox 1548 1494 1661 1533; x_wconf 88' lang='lat' dir='ltr'><strong>haud</strong></span> <span class='ocrx_word' id='word_1_118' title='bbox 1689 1495 1806 1533; x_wconf 85' lang='lat' dir='ltr'><strong>facile</strong></span> 
     </span>
     <span class='ocr_line' id='line_1_14' title="bbox 184 1558 1806 1610; baseline 0.001 -14"><span class='ocrx_word' id='word_1_119' title='bbox 184 1559 379 1598; x_wconf 90' lang='lat' dir='ltr'><strong>cothurni</strong></span> <span class='ocrx_word' id='word_1_120' title='bbox 410 1559 611 1610; x_wconf 87' lang='lat' dir='ltr'><strong>majestati</strong></span> <span class='ocrx_word' id='word_1_121' title='bbox 640 1559 896 1609; x_wconf 86' lang='lat' dir='ltr'><strong>respondeat.</strong></span> <span class='ocrx_word' id='word_1_122' title='bbox 931 1558 1026 1598; x_wconf 89' lang='lat' dir='ltr'><strong>Ideo</strong></span> <span class='ocrx_word' id='word_1_123' title='bbox 1055 1560 1089 1597; x_wconf 85' lang='lat' dir='ltr'><strong>si</strong></span> <span class='ocrx_word' id='word_1_124' title='bbox 1118 1559 1222 1598; x_wconf 83' lang='lat' dir='ltr'><strong>sorte</strong></span> <span class='ocrx_word' id='word_1_125' title='bbox 1248 1558 1396 1597; x_wconf 79' lang='lat' dir='ltr'><strong>dixerit</strong></span> <span class='ocrx_word' id='word_1_126' title='bbox 1425 1560 1660 1609; x_wconf 76' lang='lat' dir='ltr'><strong>Sophocles,</strong></span> <span class='ocrx_word' id='word_1_127' title='bbox 1693 1560 1806 1610; x_wconf 89' lang='lat' dir='ltr'><strong>quod</strong></span> 
     </span>
     <span class='ocr_line' id='line_1_15' title="bbox 184 1623 1802 1675; baseline 0 -13"><span class='ocrx_word' id='word_1_128' title='bbox 184 1623 356 1674; x_wconf 90' lang='lat' dir='ltr'><strong>quidem</strong></span> <span class='ocrx_word' id='word_1_129' title='bbox 387 1624 585 1663; x_wconf 88' lang='lat' dir='ltr'><strong>traditum</strong></span> <span class='ocrx_word' id='word_1_130' title='bbox 613 1629 687 1668; x_wconf 91' lang='lat' dir='ltr'><strong>est,</strong></span> <span class='ocrx_word' id='word_1_131' title='bbox 719 1623 961 1675; x_wconf 88' lang='lat' dir='ltr'><strong>Euripidem</strong></span> <span class='ocrx_word' id='word_1_132' title='bbox 991 1624 1182 1663; x_wconf 89' lang='lat' dir='ltr'><strong>homines</strong></span> <span class='ocrx_word' id='word_1_133' title='bbox 1212 1624 1447 1675; x_wconf 67' lang='lat' dir='ltr'><strong>depinxisse</strong></span> <span class='ocrx_word' id='word_1_134' title='bbox 1482 1625 1624 1675; x_wconf 86' lang='lat' dir='ltr'><strong>quales</strong></span> <span class='ocrx_word' id='word_1_135' title='bbox 1653 1630 1802 1667; x_wconf 87' lang='lat' dir='ltr'><strong>essent,</strong></span> 
     </span>
     <span class='ocr_line' id='line_1_16' title="bbox 184 1690 1804 1741; baseline 0 -13"><span class='ocrx_word' id='word_1_136' title='bbox 184 1701 267 1728; x_wconf 90' lang='lat' dir='ltr'><strong>non</strong></span> <span class='ocrx_word' id='word_1_137' title='bbox 297 1691 440 1741; x_wconf 87' lang='lat' dir='ltr'><strong>quales</strong></span> <span class='ocrx_word' id='word_1_138' title='bbox 475 1703 562 1729; x_wconf 89' lang='lat' dir='ltr'><strong>esse</strong></span> <span class='ocrx_word' id='word_1_139' title='bbox 591 1690 786 1729; x_wconf 88' lang='lat' dir='ltr'><strong>deberent</strong></span> <span class='ocrx_word' id='word_1_140' title='bbox 806 1702 834 1734; x_wconf 89' lang='lat'><strong>¹,</strong></span> <span class='ocrx_word' id='word_1_141' title='bbox 872 1690 948 1728; x_wconf 87' lang='lat' dir='ltr'><strong>hac</strong></span> <span class='ocrx_word' id='word_1_142' title='bbox 982 1690 1071 1740; x_wconf 86' lang='lat' dir='ltr'><strong>ipsa</strong></span> <span class='ocrx_word' id='word_1_143' title='bbox 1106 1690 1243 1729; x_wconf 82' lang='lat' dir='ltr'><strong>fabula</strong></span> <span class='ocrx_word' id='word_1_144' title='bbox 1274 1695 1429 1740; x_wconf 83' lang='lat' dir='ltr'><strong>oportet</strong></span> <span class='ocrx_word' id='word_1_145' title='bbox 1460 1690 1662 1729; x_wconf 81' lang='lat' dir='ltr'><strong>concedas</strong></span> <span class='ocrx_word' id='word_1_146' title='bbox 1692 1690 1804 1729; x_wconf 86' lang='lat' dir='ltr'><strong>illam</strong></span> 
     </span>
     <span class='ocr_line' id='line_1_17' title="bbox 182 1755 1029 1806; baseline 0 -13"><span class='ocrx_word' id='word_1_147' title='bbox 182 1755 423 1805; x_wconf 88' lang='lat' dir='ltr'><strong>opinionem</strong></span> <span class='ocrx_word' id='word_1_148' title='bbox 443 1755 598 1806; x_wconf 89' lang='lat' dir='ltr'><strong>optime</strong></span> <span class='ocrx_word' id='word_1_149' title='bbox 617 1767 705 1794; x_wconf 86' lang='lat' dir='ltr'><strong>esse</strong></span> <span class='ocrx_word' id='word_1_150' title='bbox 725 1755 1029 1794; x_wconf 85' lang='lat' dir='ltr'><strong>confirmatam.</strong></span> 
     </span>
    </p>

    <p class='ocr_par' dir='ltr' id='par_1_4' title="bbox 177 1819 1805 2447">
     <span class='ocr_line' id='line_1_18' title="bbox 236 1819 1805 1871; baseline 0 -13"><span class='ocrx_word' id='word_1_151' title='bbox 236 1820 301 1858; x_wconf 90' lang='lat' dir='ltr'><strong>Sic</strong></span> <span class='ocrx_word' id='word_1_152' title='bbox 321 1820 541 1862; x_wconf 82' lang='lat' dir='ltr'><strong>altercatio.</strong></span> <span class='ocrx_word' id='word_1_153' title='bbox 565 1832 670 1871; x_wconf 87' lang='lat' dir='ltr'><strong>quae</strong></span> <span class='ocrx_word' id='word_1_154' title='bbox 692 1820 796 1859; x_wconf 87' lang='lat' dir='ltr'><strong>inter</strong></span> <span class='ocrx_word' id='word_1_155' title='bbox 816 1832 955 1870; x_wconf 84' lang='lat' dir='ltr'><strong>regem</strong></span> <span class='ocrx_word' id='word_1_156' title='bbox 976 1825 1013 1858; x_wconf 91' lang='lat' dir='ltr'><strong>et</strong></span> <span class='ocrx_word' id='word_1_157' title='bbox 1036 1824 1194 1871; x_wconf 84' lang='lat' dir='ltr'><strong>patrem</strong></span> <span class='ocrx_word' id='word_1_158' title='bbox 1215 1820 1305 1871; x_wconf 86' lang='lat' dir='ltr'><strong>ejus</strong></span> <span class='ocrx_word' id='word_1_159' title='bbox 1332 1819 1530 1863; x_wconf 87' lang='lat' dir='ltr'><strong>adoritur,</strong></span> <span class='ocrx_word' id='word_1_160' title='bbox 1562 1832 1644 1858; x_wconf 91' lang='lat' dir='ltr'><strong>non</strong></span> <span class='ocrx_word' id='word_1_161' title='bbox 1671 1824 1805 1870; x_wconf 88' lang='lat' dir='ltr'><strong>potest</strong></span> 
     </span>
     <span class='ocr_line' id='line_1_19' title="bbox 181 1885 1802 1936; baseline 0.001 -14"><span class='ocrx_word' id='word_1_162' title='bbox 181 1889 323 1936; x_wconf 87' lang='lat' dir='ltr'><strong>poetae</strong></span> <span class='ocrx_word' id='word_1_163' title='bbox 353 1885 440 1924; x_wconf 89' lang='lat' dir='ltr'><strong>sine</strong></span> <span class='ocrx_word' id='word_1_164' title='bbox 476 1898 627 1936; x_wconf 81' lang='lat' dir='ltr'><strong>inagna</strong></span> <span class='ocrx_word' id='word_1_165' title='bbox 665 1885 835 1936; x_wconf 90' lang='lat' dir='ltr'><strong>quidem</strong></span> <span class='ocrx_word' id='word_1_166' title='bbox 872 1885 1024 1936; x_wconf 89' lang='lat' dir='ltr'><strong>injuria</strong></span> <span class='ocrx_word' id='word_1_167' title='bbox 1062 1885 1229 1924; x_wconf 90' lang='lat' dir='ltr'><strong>crimini</strong></span> <span class='ocrx_word' id='word_1_168' title='bbox 1266 1885 1368 1924; x_wconf 86' lang='lat' dir='ltr'><strong>dari.</strong></span> <span class='ocrx_word' id='word_1_169' title='bbox 1413 1885 1654 1924; x_wconf 82' lang='lat' dir='ltr'><strong>Rectissime</strong></span> <span class='ocrx_word' id='word_1_170' title='bbox 1691 1885 1802 1924; x_wconf 89' lang='lat' dir='ltr'><strong>enim</strong></span> 
     </span>
     <span class='ocr_line' id='line_1_20' title="bbox 179 1949 1802 2001; baseline 0.001 -13"><span class='ocrx_word' id='word_1_171' title='bbox 179 1949 468 1989; x_wconf 75' lang='lat' dir='ltr'><strong>animadvertit</strong></span> <span class='ocrx_word' id='word_1_172' title='bbox 489 1951 537 1989; x_wconf 89' lang='lat' dir='ltr'><strong>H.</strong></span> <span class='ocrx_word' id='word_1_173' title='bbox 563 1951 734 1989; x_wconf 86' lang='lat' dir='ltr'><strong>Weilius</strong></span> <span class='ocrx_word' id='word_1_174' title='bbox 752 1962 765 1980; x_wconf 81' lang='lat'>²</span> <span class='ocrx_word' id='word_1_175' title='bbox 788 1950 915 2001; x_wconf 89' lang='lat' dir='ltr'><strong>patris</strong></span> <span class='ocrx_word' id='word_1_176' title='bbox 929 1962 976 1989; x_wconf 85' lang='lat' dir='ltr'><strong>ac</strong></span> <span class='ocrx_word' id='word_1_177' title='bbox 993 1950 1066 1988; x_wconf 86' lang='lat' dir='ltr'><strong>filii</strong></span> <span class='ocrx_word' id='word_1_178' title='bbox 1083 1962 1218 1989; x_wconf 88' lang='lat' dir='ltr'><strong>mores</strong></span> <span class='ocrx_word' id='word_1_179' title='bbox 1235 1951 1423 1989; x_wconf 85' lang='lat' dir='ltr'><strong>moribus</strong></span> <span class='ocrx_word' id='word_1_180' title='bbox 1440 1955 1673 2000; x_wconf 62' lang='lat' dir='ltr'><strong>satyrorum</strong></span> <span class='ocrx_word' id='word_1_181' title='bbox 1690 1950 1802 1989; x_wconf 87' lang='lat' dir='ltr'><strong>haud</strong></span> 
     </span>
     <span class='ocr_line' id='line_1_21' title="bbox 179 2014 1802 2066; baseline 0 -13"><span class='ocrx_word' id='word_1_182' title='bbox 179 2014 234 2054; x_wconf 85' lang='lat' dir='ltr'><strong>ita</strong></span> <span class='ocrx_word' id='word_1_183' title='bbox 253 2027 342 2054; x_wconf 88' lang='lat' dir='ltr'><strong>esse</strong></span> <span class='ocrx_word' id='word_1_184' title='bbox 360 2015 597 2054; x_wconf 82' lang='lat' dir='ltr'><strong>dissimiles.</strong></span> <span class='ocrx_word' id='word_1_185' title='bbox 621 2016 760 2055; x_wconf 89' lang='lat' dir='ltr'><strong>Voluit</strong></span> <span class='ocrx_word' id='word_1_186' title='bbox 787 2015 898 2054; x_wconf 78' lang='lat' dir='ltr'><strong>enini</strong></span> <span class='ocrx_word' id='word_1_187' title='bbox 927 2015 1144 2066; x_wconf 85' lang='lat' dir='ltr'><strong>Euripides</strong></span> <span class='ocrx_word' id='word_1_188' title='bbox 1172 2016 1385 2054; x_wconf 86' lang='lat' dir='ltr'><strong>ostendere</strong></span> <span class='ocrx_word' id='word_1_189' title='bbox 1411 2028 1540 2066; x_wconf 86' lang='lat' dir='ltr'><strong>quam</strong></span> <span class='ocrx_word' id='word_1_190' title='bbox 1566 2016 1732 2066; x_wconf 88' lang='lat' dir='ltr'><strong>penitus</strong></span> <span class='ocrx_word' id='word_1_191' title='bbox 1760 2016 1802 2053; x_wconf 93' lang='lat' dir='ltr'><strong>in</strong></span> 
     </span>
     <span class='ocr_line' id='line_1_22' title="bbox 177 2080 1802 2132; baseline 0 -13"><span class='ocrx_word' id='word_1_192' title='bbox 177 2080 300 2119; x_wconf 88' lang='lat' dir='ltr'><strong>corde</strong></span> <span class='ocrx_word' id='word_1_193' title='bbox 324 2081 512 2120; x_wconf 88' lang='lat' dir='ltr'><strong>humano</strong></span> <span class='ocrx_word' id='word_1_194' title='bbox 540 2081 702 2119; x_wconf 72' lang='lat' dir='ltr'><strong>vivendi</strong></span> <span class='ocrx_word' id='word_1_195' title='bbox 728 2081 934 2132; x_wconf 82' lang='lat' dir='ltr'><strong>cupiditas</strong></span> <span class='ocrx_word' id='word_1_196' title='bbox 961 2081 1085 2119; x_wconf 85' lang='lat' dir='ltr'><strong>insita</strong></span> <span class='ocrx_word' id='word_1_197' title='bbox 1112 2086 1229 2119; x_wconf 84' lang='lat' dir='ltr'><strong>esset.</strong></span> <span class='ocrx_word' id='word_1_198' title='bbox 1262 2081 1348 2119; x_wconf 84' lang='lat' dir='ltr'><strong>Hoc</strong></span> <span class='ocrx_word' id='word_1_199' title='bbox 1373 2081 1547 2119; x_wconf 83' lang='lat' dir='ltr'><strong>consilio</strong></span> <span class='ocrx_word' id='word_1_200' title='bbox 1574 2085 1733 2132; x_wconf 90' lang='lat' dir='ltr'><strong>patrem</strong></span> <span class='ocrx_word' id='word_1_201' title='bbox 1763 2085 1802 2119; x_wconf 87' lang='lat' dir='ltr'><strong>et</strong></span> 
     </span>
     <span class='ocr_line' id='line_1_23' title="bbox 178 2144 1801 2198; baseline 0 -14"><span class='ocrx_word' id='word_1_202' title='bbox 178 2144 314 2185; x_wconf 84' lang='lat' dir='ltr'><strong>filium</strong></span> <span class='ocrx_word' id='word_1_203' title='bbox 334 2146 377 2184; x_wconf 91' lang='lat' dir='ltr'><strong>in</strong></span> <span class='ocrx_word' id='word_1_204' title='bbox 399 2158 565 2186; x_wconf 85' lang='lat' dir='ltr'><strong>scenam</strong></span> <span class='ocrx_word' id='word_1_205' title='bbox 586 2146 794 2198; x_wconf 77' lang='lat' dir='ltr'><strong>produxit,</strong></span> <span class='ocrx_word' id='word_1_206' title='bbox 818 2158 1002 2197; x_wconf 89' lang='lat' dir='ltr'><strong>quorum</strong></span> <span class='ocrx_word' id='word_1_207' title='bbox 1024 2146 1205 2185; x_wconf 89' lang='lat' dir='ltr'><strong>indolem</strong></span> <span class='ocrx_word' id='word_1_208' title='bbox 1228 2152 1312 2185; x_wconf 86' lang='lat' dir='ltr'><strong>tam</strong></span> <span class='ocrx_word' id='word_1_209' title='bbox 1328 2146 1509 2196; x_wconf 89' lang='lat' dir='ltr'><strong>ingenue</strong></span> <span class='ocrx_word' id='word_1_210' title='bbox 1524 2146 1736 2197; x_wconf 84' lang='lat' dir='ltr'><strong>expressit,</strong></span> <span class='ocrx_word' id='word_1_211' title='bbox 1757 2151 1801 2184; x_wconf 92' lang='lat' dir='ltr'><strong>ut</strong></span> 
     </span>
     <span class='ocr_line' id='line_1_24' title="bbox 178 2210 1802 2263; baseline 0.002 -15"><span class='ocrx_word' id='word_1_212' title='bbox 178 2210 258 2262; x_wconf 91' lang='lat' dir='ltr'><strong>ipsi</strong></span> <span class='ocrx_word' id='word_1_213' title='bbox 278 2224 376 2251; x_wconf 89' lang='lat' dir='ltr'><strong>suae</strong></span> <span class='ocrx_word' id='word_1_214' title='bbox 400 2212 589 2263; x_wconf 78' lang='lat' dir='ltr'><strong>ignaviae</strong></span> <span class='ocrx_word' id='word_1_215' title='bbox 614 2224 698 2250; x_wconf 91' lang='lat' dir='ltr'><strong>non</strong></span> <span class='ocrx_word' id='word_1_216' title='bbox 719 2211 873 2251; x_wconf 91' lang='lat' dir='ltr'><strong>conscii</strong></span> <span class='ocrx_word' id='word_1_217' title='bbox 894 2212 1112 2251; x_wconf 72' lang='lat' dir='ltr'><strong>videantur</strong></span> <span class='ocrx_word' id='word_1_218' title='bbox 1131 2212 1271 2250; x_wconf 83' lang='lat' dir='ltr'><strong>fuisse.</strong></span> <span class='ocrx_word' id='word_1_219' title='bbox 1302 2213 1464 2262; x_wconf 57' lang='lat' dir='ltr'><strong>Satyros</strong></span> <span class='ocrx_word' id='word_1_220' title='bbox 1491 2216 1630 2251; x_wconf 84' lang='lat' dir='ltr'><strong>autem</strong></span> <span class='ocrx_word' id='word_1_221' title='bbox 1651 2212 1733 2251; x_wconf 82' lang='lat' dir='ltr'><strong>vita</strong></span> <span class='ocrx_word' id='word_1_222' title='bbox 1753 2224 1802 2251; x_wconf 87' lang='lat' dir='ltr'><strong>ac</strong></span> 
     </span>
     <span class='ocr_line' id='line_1_25' title="bbox 177 2274 1802 2328; baseline 0.001 -14"><span class='ocrx_word' id='word_1_223' title='bbox 177 2274 361 2321; x_wconf 85' lang='lat' dir='ltr'><strong>deliciae,</strong></span> <span class='ocrx_word' id='word_1_224' title='bbox 404 2289 508 2328; x_wconf 91' lang='lat' dir='ltr'><strong>quas</strong></span> <span class='ocrx_word' id='word_1_225' title='bbox 549 2289 690 2316; x_wconf 90' lang='lat' dir='ltr'><strong>secum</strong></span> <span class='ocrx_word' id='word_1_226' title='bbox 730 2277 820 2321; x_wconf 84' lang='lat' dir='ltr'><strong>sert,</strong></span> <span class='ocrx_word' id='word_1_227' title='bbox 862 2277 1070 2315; x_wconf 85' lang='lat' dir='ltr'><strong>oblectant</strong></span> <span class='ocrx_word' id='word_1_228' title='bbox 1109 2281 1147 2315; x_wconf 88' lang='lat' dir='ltr'><strong>et</strong></span> <span class='ocrx_word' id='word_1_229' title='bbox 1188 2276 1387 2320; x_wconf 85' lang='lat' dir='ltr'><strong>alliciunt,</strong></span> <span class='ocrx_word' id='word_1_230' title='bbox 1435 2281 1481 2315; x_wconf 88' lang='lat' dir='ltr'><strong>ut</strong></span> <span class='ocrx_word' id='word_1_231' title='bbox 1524 2276 1710 2315; x_wconf 90' lang='lat' dir='ltr'><strong>dolorem</strong></span> <span class='ocrx_word' id='word_1_232' title='bbox 1754 2289 1802 2316; x_wconf 87' lang='lat' dir='ltr'><strong>ac</strong></span> 
     </span>
     <span class='ocr_line' id='line_1_26' title="bbox 178 2342 1800 2393; baseline 0.001 -13"><span class='ocrx_word' id='word_1_233' title='bbox 178 2345 353 2381; x_wconf 82' lang='lat' dir='ltr'><strong>mortem</strong></span> <span class='ocrx_word' id='word_1_234' title='bbox 386 2342 548 2382; x_wconf 89' lang='lat' dir='ltr'><strong>oderint</strong></span> <span class='ocrx_word' id='word_1_235' title='bbox 581 2347 620 2381; x_wconf 88' lang='lat' dir='ltr'><strong>et</strong></span> <span class='ocrx_word' id='word_1_236' title='bbox 651 2342 865 2393; x_wconf 83' lang='lat' dir='ltr'><strong>effugiant,</strong></span> <span class='ocrx_word' id='word_1_237' title='bbox 909 2354 1016 2393; x_wconf 87' lang='lat' dir='ltr'><strong>quae</strong></span> <span class='ocrx_word' id='word_1_238' title='bbox 1054 2343 1244 2381; x_wconf 82' lang='lat' dir='ltr'><strong>omnium</strong></span> <span class='ocrx_word' id='word_1_239' title='bbox 1286 2354 1424 2380; x_wconf 89' lang='lat' dir='ltr'><strong>rerum</strong></span> <span class='ocrx_word' id='word_1_240' title='bbox 1463 2354 1485 2380; x_wconf 90' lang='lat' dir='ltr'><strong>a</strong></span> <span class='ocrx_word' id='word_1_241' title='bbox 1526 2346 1670 2380; x_wconf 88' lang='lat' dir='ltr'><strong>natura</strong></span> <span class='ocrx_word' id='word_1_242' title='bbox 1711 2342 1800 2393; x_wconf 88' lang='lat' dir='ltr'><strong>ipsa</strong></span> 
     </span>
     <span class='ocr_line' id='line_1_27' title="bbox 178 2407 637 2447; baseline 0.004 -3"><span class='ocrx_word' id='word_1_243' title='bbox 178 2407 357 2446; x_wconf 82' lang='lat' dir='ltr'><strong>maxime</strong></span> <span class='ocrx_word' id='word_1_244' title='bbox 376 2407 637 2447; x_wconf 87' lang='lat' dir='ltr'><strong>abhorreant.</strong></span> 
     </span>
    </p>

    <p class='ocr_par' dir='ltr' id='par_1_5' title="bbox 171 2471 1800 2976">
     <span class='ocr_line' id='line_1_28' title="bbox 229 2471 1799 2525; baseline -0.001 -14"><span class='ocrx_word' id='word_1_245' title='bbox 229 2471 338 2512; x_wconf 89' lang='lat' dir='ltr'><strong>Haec</strong></span> <span class='ocrx_word' id='word_1_246' title='bbox 356 2473 571 2512; x_wconf 82' lang='lat' dir='ltr'><strong>hactenus.</strong></span> <span class='ocrx_word' id='word_1_247' title='bbox 596 2473 737 2525; x_wconf 85' lang='lat' dir='ltr'><strong>Neque</strong></span> <span class='ocrx_word' id='word_1_248' title='bbox 757 2473 869 2512; x_wconf 88' lang='lat' dir='ltr'><strong>enim</strong></span> <span class='ocrx_word' id='word_1_249' title='bbox 891 2485 1053 2524; x_wconf 84' lang='lat' dir='ltr'><strong>sperare</strong></span> <span class='ocrx_word' id='word_1_250' title='bbox 1072 2473 1206 2523; x_wconf 86' lang='lat' dir='ltr'><strong>possis</strong></span> <span class='ocrx_word' id='word_1_251' title='bbox 1227 2473 1559 2523; x_wconf 80' lang='lat' dir='ltr'><strong>ambiguitatem,</strong></span> <span class='ocrx_word' id='word_1_252' title='bbox 1583 2484 1712 2523; x_wconf 81' lang='lat' dir='ltr'><strong>quam</strong></span> <span class='ocrx_word' id='word_1_253' title='bbox 1735 2485 1799 2511; x_wconf 85' lang='lat' dir='ltr'><strong>ars</strong></span> 
     </span>
     <span class='ocr_line' id='line_1_29' title="bbox 177 2537 1798 2590; baseline 0.001 -15"><span class='ocrx_word' id='word_1_254' title='bbox 177 2537 262 2576; x_wconf 87' lang='lat' dir='ltr'><strong>sola</strong></span> <span class='ocrx_word' id='word_1_255' title='bbox 289 2543 505 2590; x_wconf 88' lang='lat' dir='ltr'><strong>poetarum</strong></span> <span class='ocrx_word' id='word_1_256' title='bbox 534 2539 719 2590; x_wconf 87' lang='lat' dir='ltr'><strong>protulit,</strong></span> <span class='ocrx_word' id='word_1_257' title='bbox 752 2539 795 2578; x_wconf 88' lang='lat' dir='ltr'><strong>in</strong></span> <span class='ocrx_word' id='word_1_258' title='bbox 824 2539 888 2578; x_wconf 85' lang='lat' dir='ltr'><strong>his</strong></span> <span class='ocrx_word' id='word_1_259' title='bbox 918 2539 1018 2578; x_wconf 88' lang='lat' dir='ltr'><strong>loeis</strong></span> <span class='ocrx_word' id='word_1_260' title='bbox 1047 2539 1236 2582; x_wconf 68' lang='lat' dir='ltr'><strong>inveniri,</strong></span> <span class='ocrx_word' id='word_1_261' title='bbox 1268 2539 1339 2578; x_wconf 89' lang='lat' dir='ltr'><strong>ubi</strong></span> <span class='ocrx_word' id='word_1_262' title='bbox 1367 2550 1642 2590; x_wconf 89' lang='lat' dir='ltr'><strong>personarum</strong></span> <span class='ocrx_word' id='word_1_263' title='bbox 1662 2551 1798 2577; x_wconf 85' lang='lat' dir='ltr'><strong>mores</strong></span> 
     </span>
     <span class='ocr_line' id='line_1_30' title="bbox 174 2604 1797 2657; baseline 0.001 -16"><span class='ocrx_word' id='word_1_264' title='bbox 174 2615 273 2642; x_wconf 92' lang='lat' dir='ltr'><strong>cum</strong></span> <span class='ocrx_word' id='word_1_265' title='bbox 293 2608 439 2643; x_wconf 88' lang='lat' dir='ltr'><strong>natura</strong></span> <span class='ocrx_word' id='word_1_266' title='bbox 461 2605 549 2657; x_wconf 87' lang='lat' dir='ltr'><strong>ipsa</strong></span> <span class='ocrx_word' id='word_1_267' title='bbox 570 2609 654 2644; x_wconf 84' lang='lat' dir='ltr'><strong>tam</strong></span> <span class='ocrx_word' id='word_1_268' title='bbox 674 2609 767 2656; x_wconf 86' lang='lat' dir='ltr'><strong>apte</strong></span> <span class='ocrx_word' id='word_1_269' title='bbox 787 2609 1040 2656; x_wconf 87' lang='lat' dir='ltr'><strong>congruunt.</strong></span> <span class='ocrx_word' id='word_1_270' title='bbox 1065 2604 1111 2643; x_wconf 89' lang='lat' dir='ltr'><strong>Ei</strong></span> <span class='ocrx_word' id='word_1_271' title='bbox 1131 2609 1274 2643; x_wconf 90' lang='lat' dir='ltr'><strong>contra</strong></span> <span class='ocrx_word' id='word_1_272' title='bbox 1294 2604 1366 2655; x_wconf 86' lang='lat' dir='ltr'><strong>qui</strong></span> <span class='ocrx_word' id='word_1_273' title='bbox 1387 2605 1450 2642; x_wconf 81' lang='lat' dir='ltr'><strong>vel</strong></span> <span class='ocrx_word' id='word_1_274' title='bbox 1467 2604 1593 2643; x_wconf 87' lang='lat' dir='ltr'><strong>semel</strong></span> <span class='ocrx_word' id='word_1_275' title='bbox 1610 2604 1797 2642; x_wconf 85' lang='lat' dir='ltr'><strong>fabulam</strong></span> 
     </span>
     <span class='ocr_line' id='line_1_31' title="bbox 174 2668 1798 2722; baseline 0 -15"><span class='ocrx_word' id='word_1_276' title='bbox 174 2668 330 2720; x_wconf 88' lang='lat' dir='ltr'><strong>legerit,</strong></span> <span class='ocrx_word' id='word_1_277' title='bbox 353 2675 464 2721; x_wconf 90' lang='lat' dir='ltr'><strong>patet</strong></span> <span class='ocrx_word' id='word_1_278' title='bbox 482 2671 592 2710; x_wconf 89' lang='lat' dir='ltr'><strong>hanc</strong></span> <span class='ocrx_word' id='word_1_279' title='bbox 611 2671 777 2710; x_wconf 91' lang='lat' dir='ltr'><strong>dicendi</strong></span> <span class='ocrx_word' id='word_1_280' title='bbox 798 2672 998 2710; x_wconf 85' lang='lat' dir='ltr'><strong>rationem</strong></span> <span class='ocrx_word' id='word_1_281' title='bbox 1022 2671 1061 2708; x_wconf 90' lang='lat' dir='ltr'><strong>in</strong></span> <span class='ocrx_word' id='word_1_282' title='bbox 1084 2670 1268 2709; x_wconf 90' lang='lat' dir='ltr'><strong>secundo</strong></span> <span class='ocrx_word' id='word_1_283' title='bbox 1295 2670 1484 2722; x_wconf 71' lang='grc' dir='ltr'><strong>ἐπεισεέίῳ</strong></span> <span class='ocrx_word' id='word_1_284' title='bbox 1512 2670 1659 2713; x_wconf 88' lang='lat' dir='ltr'><strong>inesse,</strong></span> <span class='ocrx_word' id='word_1_285' title='bbox 1688 2674 1728 2708; x_wconf 87' lang='lat' dir='ltr'><strong>et</strong></span> <span class='ocrx_word' id='word_1_286' title='bbox 1755 2669 1798 2708; x_wconf 91' lang='lat' dir='ltr'><strong>in</strong></span> 
     </span>
     <span class='ocr_line' id='line_1_32' title="bbox 174 2735 1797 2787; baseline 0.001 -15"><span class='ocrx_word' id='word_1_287' title='bbox 174 2746 220 2773; x_wconf 91' lang='lat' dir='ltr'><strong>ea</strong></span> <span class='ocrx_word' id='word_1_288' title='bbox 248 2735 479 2785; x_wconf 84' lang='lat' dir='ltr'><strong>tragoediae</strong></span> <span class='ocrx_word' id='word_1_289' title='bbox 504 2741 632 2787; x_wconf 89' lang='lat' dir='ltr'><strong>parte,</strong></span> <span class='ocrx_word' id='word_1_290' title='bbox 661 2749 789 2787; x_wconf 88' lang='lat' dir='ltr'><strong>quam</strong></span> <span class='ocrx_word' id='word_1_291' title='bbox 818 2736 942 2783; x_wconf 62' lang='lat'><strong>{3:322</strong></span> <span class='ocrx_word' id='word_1_292' title='bbox 968 2736 1110 2774; x_wconf 89' lang='lat' dir='ltr'><strong>Graeci</strong></span> <span class='ocrx_word' id='word_1_293' title='bbox 1138 2735 1352 2773; x_wconf 67' lang='lat' dir='ltr'><strong>vocabant.</strong></span> <span class='ocrx_word' id='word_1_294' title='bbox 1383 2735 1545 2787; x_wconf 89' lang='lat' dir='ltr'><strong>Anceps</strong></span> <span class='ocrx_word' id='word_1_295' title='bbox 1573 2735 1686 2774; x_wconf 91' lang='lat' dir='ltr'><strong>enim</strong></span> <span class='ocrx_word' id='word_1_296' title='bbox 1716 2747 1797 2773; x_wconf 69' lang='lat' dir='ltr'><strong>ver-</strong></span> 
     </span>
     <span class='ocr_line' id='line_1_33' title="bbox 173 2799 1795 2852; baseline 0 -15"><span class='ocrx_word' id='word_1_297' title='bbox 173 2799 323 2838; x_wconf 87' lang='lat' dir='ltr'><strong>borum</strong></span> <span class='ocrx_word' id='word_1_298' title='bbox 345 2800 592 2852; x_wconf 85' lang='lat' dir='ltr'><strong>significatio</strong></span> <span class='ocrx_word' id='word_1_299' title='bbox 612 2801 654 2839; x_wconf 90' lang='lat' dir='ltr'><strong>in</strong></span> <span class='ocrx_word' id='word_1_300' title='bbox 675 2801 840 2852; x_wconf 88' lang='lat' dir='ltr'><strong>dialogo</strong></span> <span class='ocrx_word' id='word_1_301' title='bbox 860 2805 1047 2840; x_wconf 90' lang='lat' dir='ltr'><strong>actorum</strong></span> <span class='ocrx_word' id='word_1_302' title='bbox 1069 2800 1256 2839; x_wconf 84' lang='lat' dir='ltr'><strong>adhiberi</strong></span> <span class='ocrx_word' id='word_1_303' title='bbox 1279 2800 1393 2844; x_wconf 86' lang='lat' dir='ltr'><strong>solet,</strong></span> <span class='ocrx_word' id='word_1_304' title='bbox 1423 2813 1606 2852; x_wconf 88' lang='lat' dir='ltr'><strong>quorum</strong></span> <span class='ocrx_word' id='word_1_305' title='bbox 1627 2800 1795 2839; x_wconf 87' lang='lat' dir='ltr'><strong>alterius</strong></span> 
     </span>
     <span class='ocr_line' id='line_1_34' title="bbox 173 2865 1798 2916; baseline 0.001 -13"><span class='ocrx_word' id='word_1_306' title='bbox 173 2865 306 2909; x_wconf 85' lang='lat' dir='ltr'><strong>refert,</strong></span> <span class='ocrx_word' id='word_1_307' title='bbox 337 2866 419 2904; x_wconf 69' lang='lat' dir='ltr'><strong>sive</strong></span> <span class='ocrx_word' id='word_1_308' title='bbox 444 2879 504 2909; x_wconf 85' lang='lat' dir='ltr'><strong>ea,</strong></span> <span class='ocrx_word' id='word_1_309' title='bbox 534 2867 617 2906; x_wconf 83' lang='lat' dir='ltr'><strong>sive</strong></span> <span class='ocrx_word' id='word_1_310' title='bbox 643 2867 710 2905; x_wconf 88' lang='lat' dir='ltr'><strong>illa</strong></span> <span class='ocrx_word' id='word_1_311' title='bbox 737 2867 787 2905; x_wconf 92' lang='lat' dir='ltr'><strong>de</strong></span> <span class='ocrx_word' id='word_1_312' title='bbox 813 2879 950 2907; x_wconf 85' lang='lat' dir='ltr'><strong>causa.</strong></span> <span class='ocrx_word' id='word_1_313' title='bbox 975 2867 1151 2905; x_wconf 90' lang='lat' dir='ltr'><strong>alterum</strong></span> <span class='ocrx_word' id='word_1_314' title='bbox 1171 2867 1212 2904; x_wconf 93' lang='lat' dir='ltr'><strong>in</strong></span> <span class='ocrx_word' id='word_1_315' title='bbox 1234 2879 1413 2905; x_wconf 86' lang='lat' dir='ltr'><strong>errorem</strong></span> <span class='ocrx_word' id='word_1_316' title='bbox 1434 2866 1645 2906; x_wconf 90' lang='lat' dir='ltr'><strong>inducere.</strong></span> <span class='ocrx_word' id='word_1_317' title='bbox 1671 2866 1798 2916; x_wconf 90' lang='lat' dir='ltr'><strong>Quod</strong></span> 
     </span>
     <span class='ocr_line' id='line_1_35' title="bbox 171 2931 1800 2976; baseline 0.002 -7"><span class='ocrx_word' id='word_1_318' title='bbox 171 2931 319 2974; x_wconf 85' lang='lat' dir='ltr'><strong>evenit,</strong></span> <span class='ocrx_word' id='word_1_319' title='bbox 342 2944 440 2970; x_wconf 88' lang='lat' dir='ltr'><strong>cum</strong></span> <span class='ocrx_word' id='word_1_320' title='bbox 461 2931 661 2971; x_wconf 71' lang='lat' dir='ltr'><strong>Admetus</strong></span> <span class='ocrx_word' id='word_1_321' title='bbox 682 2932 902 2972; x_wconf 90' lang='lat' dir='ltr'><strong>Herculem</strong></span> <span class='ocrx_word' id='word_1_322' title='bbox 930 2933 1033 2971; x_wconf 83' lang='lat' dir='ltr'><strong>celat</strong></span> <span class='ocrx_word' id='word_1_323' title='bbox 1059 2945 1100 2971; x_wconf 89' lang='lat' dir='ltr'><strong>se</strong></span> <span class='ocrx_word' id='word_1_324' title='bbox 1127 2932 1343 2971; x_wconf 75' lang='lat' dir='ltr'><strong>Alcestidis</strong></span> <span class='ocrx_word' id='word_1_325' title='bbox 1373 2937 1552 2971; x_wconf 88' lang='lat' dir='ltr'><strong>mortem</strong></span> <span class='ocrx_word' id='word_1_326' title='bbox 1579 2932 1731 2976; x_wconf 90' lang='lat' dir='ltr'><strong>dolere,</strong></span> <span class='ocrx_word' id='word_1_327' title='bbox 1761 2940 1800 2974; x_wconf 84' lang='lat' dir='ltr'><strong>et</strong></span> 
     </span>
    </p>
   </div>
   <div class='ocr_carea' id='block_1_3' title="bbox 225 3032 969 3120">
    <p class='ocr_par' dir='ltr' id='par_1_6' title="bbox 225 3032 969 3120">
     <span class='ocr_line' id='line_1_36' title="bbox 229 3032 969 3074; baseline 0 -12"><span class='ocrx_word' id='word_1_328' title='bbox 229 3032 319 3063; x_wconf 81' lang='lat' dir='ltr'><strong>1.Cs.</strong></span> <span class='ocrx_word' id='word_1_329' title='bbox 339 3034 453 3064; x_wconf 61' lang='lat' dir='ltr'><strong>Arist..</strong></span> <span class='ocrx_word' id='word_1_330' title='bbox 473 3033 575 3069; x_wconf 56' lang='lat' dir='ltr'><strong>Poet,</strong></span> <span class='ocrx_word' id='word_1_331' title='bbox 594 3043 622 3063; x_wconf 87' lang='lat' dir='ltr'><strong>c.</strong></span> <span class='ocrx_word' id='word_1_332' title='bbox 642 3034 690 3067; x_wconf 70' lang='lat'><strong>25,</strong></span> <span class='ocrx_word' id='word_1_333' title='bbox 709 3043 742 3074; x_wconf 91' lang='lat' dir='ltr'><strong>p.</strong></span> <span class='ocrx_word' id='word_1_334' title='bbox 766 3035 852 3068; x_wconf 66' lang='lat'><strong>1460.</strong></span> <span class='ocrx_word' id='word_1_335' title='bbox 872 3033 901 3068; x_wconf 89' lang='lat' dir='ltr'><strong>b,</strong></span> <span class='ocrx_word' id='word_1_336' title='bbox 920 3034 969 3063; x_wconf 77' lang='grc'><strong>33.</strong></span> 
     </span>
     <span class='ocr_line' id='line_1_37' title="bbox 225 3079 738 3120; baseline 0.006 -11"><span class='ocrx_word' id='word_1_337' title='bbox 225 3088 253 3109; x_wconf 77' lang='lat'><strong>2.</strong></span> <span class='ocrx_word' id='word_1_338' title='bbox 272 3080 403 3116; x_wconf 75' lang='lat' dir='ltr'><strong>Alceste,</strong></span> <span class='ocrx_word' id='word_1_339' title='bbox 423 3081 525 3113; x_wconf 84' lang='lat' dir='ltr'><strong>Paris.</strong></span> <span class='ocrx_word' id='word_1_340' title='bbox 551 3079 638 3120; x_wconf 74' lang='lat'><strong>1891.</strong></span> <span class='ocrx_word' id='word_1_341' title='bbox 657 3091 688 3120; x_wconf 86' lang='lat' dir='ltr'><strong>p.</strong></span> <span class='ocrx_word' id='word_1_342' title='bbox 710 3082 738 3117; x_wconf 72' lang='grc'><strong>4.</strong></span> 
     </span>
    </p>
   </div>
  </div>
 </body>
</html>
