2394 3660
521 172 570 211 28
842 185 893 210 DE
923 183 1095 210 TRAGICA
1125 182 1398 209 AxtmssrlTATE
1428 182 1535 208 Apro
1565 171 1798 207 Etj‘umEM.

518 270 636 315 redit,
654 283 751 310 cum
766 271 854 321 jam
875 269 926 308 ad
945 268 1176 320 proximam
1198 279 1340 306 necem
1360 279 1461 305 uxor
1482 278 1527 304 ac
1547 271 1662 316 pater
1681 266 1849 305 adducti
1865 271 1976 305 sunt.
1996 267 2126 317 Lycus

518 348 626 379 vero,
650 335 726 374 deo
745 334 971 378 incedente,
991 334 1032 371 in
1053 332 1223 383 regiam,
1242 336 1288 370 ut
1307 345 1369 370 res
1389 331 1595 382 poscebat,
1614 331 1727 375 abiit,
1747 331 1811 369 sin
1830 331 1946 370 aliter
1964 336 2127 382 poetam

520 401 699 451 oportuit
731 404 908 449 quatuor
932 409 1128 448 personas
1155 397 1280 435 simul
1308 397 1351 434 in
1381 407 1545 434 scenam
1578 395 1819 446 producere,
1850 395 1962 446 quod
1993 395 2130 435 insoli-

521 470 609 503 tum
635 477 720 503 esse
748 464 843 501 satis
873 467 1045 500 constat.

572 531 677 567 Cum
712 541 772 566 res
800 529 851 565 ita
888 540 973 565 sese
1007 527 1197 570 habeant,
1235 527 1423 578 perfacile
1457 531 1516 564 est
1543 538 1746 576 augurare
1773 530 1998 576 tyrannum
2024 526 2128 565 serae

520 593 770 633 crudelitatis
798 604 973 643 poenam
1003 592 1090 629 sine
1116 592 1198 630 ulla
1225 603 1340 630 mora
1368 592 1579 629 daturum.
1618 591 1731 629 Stant
1756 591 1869 628 enim
1903 590 1945 628 in
1973 591 2129 628 theatro

522 658 762 707 Amphitryo
782 668 828 694 ac
848 656 991 705 Lycus.
1012 655 1220 697 Hercules,
1239 655 1307 693 cui
1328 656 1547 693 inimicum
1567 666 1704 693 coram
1726 655 1882 705 populo
1899 654 2130 693 interimere

523 735 603 760 non
633 722 739 764 licet,
774 720 942 758 insidias
972 721 1011 758 in
1043 719 1214 758 aedibus
1244 725 1370 771 parat.
1405 719 1489 758 Rex
1517 732 1623 764 vero,
1652 719 1755 757 dum
1784 719 1984 770 queritur,
2016 718 2130 758 haud

523 787 726 826 immerito
746 786 930 836 quidem.
953 786 1064 836 quod
1086 786 1247 835 Megara
1267 786 1367 824 adeo
1387 790 1617 829 cunctetur,
1642 786 1875 836 suspicatur
1894 796 1985 823 eam
2006 785 2130 823 fidem

522 853 669 890 violare
695 852 807 889 velle.

572 917 663 955 Jam
707 928 869 954 versum
910 929 983 968 709
1021 916 1072 953 ab
1111 916 1409 966 Amphitryone
1448 927 1531 953 non
1570 915 1656 953 sine
1695 915 1874 966 quadam
1913 915 2132 953 calliditate

522 982 667 1020 editur.
703 982 739 1019 ls
768 981 894 1021 enim.
930 992 1027 1019 cum
1059 981 1141 1030 regi
1172 981 1346 1030 injurias
1378 980 1532 1030 quibus
1567 985 1734 1018 vexatur
1767 980 1865 1018 vitio
1898 979 2023 1023 dedit,
2055 978 2133 1018 hos

524 1047 680 1085 iambos
707 1047 817 1085 addit
840 1060 846 1083 :

825 1134 868 1174 ”A
891 1138 985 1187 χρῆν
1008 1151 1046 1175 σε
1069 1137 1241 1188 μετρίως,
1265 1135 1321 1175 κεί
1340 1138 1505 1188 κρατεῖς,
1530 1135 1688 1184 σπευέὴν
1712 1136 1821 1187 ἔχειν.

576 1248 702 1286 Nemo
742 1260 821 1285 non
862 1247 981 1285 sentit
1021 1247 1104 1284 vim
1144 1247 1313 1284 trimetri
1352 1246 1617 1296 praecipuam
1657 1246 1698 1284 in
1737 1247 1872 1286 verbis
1897 1247 1954 1287 κεί
1980 1251 2132 1300 κρατεῖς

522 1314 787 1353 dissimulari.
825 1317 964 1363 utpote
999 1324 1103 1362 quae
1139 1316 1298 1349 tantum
1330 1311 1590 1361 significent:
1618 1312 1904 1362 «Quanquam
1933 1312 2129 1350 dominus

525 1391 640 1416 meus
656 1391 711 1422 es,
730 1393 746 1413 ι)
765 1382 969 1428 quantum
988 1390 995 1414 :
1018 1393 1033 1413 «ι
1055 1389 1102 1414 eo
1121 1376 1230 1415 dato.
1252 1381 1287 1414 te
1308 1388 1394 1414 esse
1410 1376 1645 1414 dominum.
1669 1392 1686 1411 η
1706 1376 1825 1424 Quod
1841 1376 2012 1427 quidem
2029 1377 2071 1414 in
2086 1389 2130 1415 ea

522 1443 735 1481 occasione
756 1455 837 1480 non
859 1442 1137 1480 concedebant
1160 1446 1420 1492 spectatores.
1439 1440 1802 1491 cumjamdudum
1824 1442 1977 1480 conscii
1997 1447 2131 1481 essent

525 1508 738 1546 Herculem
766 1519 852 1545 esse
878 1519 1101 1545 reversum.

575 1573 817 1624 Amphitryo
839 1573 976 1622 igitur,
1000 1572 1071 1622 qui
1087 1572 1175 1621 jam
1196 1572 1397 1610 malitiose
1422 1572 1618 1621 loquitur,
1644 1584 1727 1611 non
1756 1577 1917 1610 tantum
1939 1585 1959 1610 e
1979 1577 2131 1616 mente,

524 1643 568 1676 ut
592 1638 855 1676 callidissime
881 1638 1043 1675 monuit
1062 1636 1375 1681 ll'ilamowitz',
1399 1641 1593 1676 terrorem
1619 1649 1788 1675 omnem
1809 1637 1981 1688 depulit,
2006 1637 2077 1676 sed
2096 1643 2132 1676 et

523 1704 651 1742 animi
673 1705 729 1742 sic
750 1715 918 1754 compos
938 1708 1011 1742 est.
1032 1708 1077 1741 ut.
1099 1703 1311 1742 vocabula.
1331 1715 1413 1741 non
1433 1703 1520 1741 sine
1540 1703 1720 1753 quadam
1743 1703 1969 1742 subtilitate
1988 1703 2102 1742 iteret
2123 1716 2130 1742 :

932 1803 1032 1844 Ἐπεὶ
1055 1804 1255 1856 δ’ἀνσὶγκην
1276 1805 1475 1858 :px-‚tom
1494 1805 1585 1855 ἡμῖν
1608 1806 1728 1844 θκνεῖν

926 1872 1090 1922 στέργειν
1113 1869 1254 1921 ἀνάγκη
1267 1880 1296 1907 ”.

576 1983 695 2032 Quod
735 1983 830 2021 satis
868 1983 1036 2023 indicat,
1078 1995 1188 2026 eum,
1232 1988 1276 2020 ut
1315 1983 1470 2033 Lycum
1510 1983 1675 2022 Herculi
1721 1983 2052 2022 interficiendum
2093 1984 2131 2021 in

524 2051 677 2100 regiam
704 2050 962 2092 intromittat,
982 2049 1069 2098 jam
1097 2049 1268 2087 insidias
1290 2049 1493 2088 instruere
1515 2061 1648 2100 posse.
1675 2050 1719 2088 lu
1744 2062 1791 2088 eo
1813 2050 1985 2088 consilio
2012 2049 2130 2099 fingit

526 2115 727 2164 Megaram
761 2126 857 2152 cum
890 2114 1028 2152 liberis
1062 2113 1112 2152 ad
1146 2126 1258 2152 aram
1293 2115 1532 2165 suppliciter
1565 2115 1813 2164 confugisse.
1852 2115 2038 2154 Primum
2074 2115 2131 2153 sic

526 2180 629 2218 lente
655 2180 864 2230 loquitur:

929 2272 1033 2309 Δεκῶ
1056 2270 1119 2319 μὲν
1143 2270 1267 2319 αὐτὴν,
1290 2270 1341 2317 ὡς
1361 2271 1513 2323 θύραθεν
1532 2269 1719 2320 εἰκάσαι-3,

525 2386 567 2420 ut
597 2380 795 2419 tarditatis
822 2381 1039 2431 impatiens
1066 2393 1162 2420 eum
1189 2382 1462 2433 interrumpat
1488 2387 1714 2432 tyrannus:

907 2473 949 2511 Τί
969 2475 1119 2526 χρῆμαζ
1143 2470 1253 2522 ἓέξης
1272 2473 1374 2520 τῆσδ’
1392 2473 1490 2524 ἔχεις
1509 2475 1707 2526 τεκμήριεν
1721 2471 1758 2520 '⁴3

577 2584 683 2623 Tum
713 2583 956 2634 Amphitryo
976 2597 983 2621 ε

875 2671 1002 2712 ‘Izi—‚zv
1022 2674 1113 2726 πρὶς
1135 2675 1261 2725 ἁγνοῖς
1282 2675 1404 2722 ἐι-τίσις
1424 2676 1567 2714 eim-:2
1587 2675 1780 2727 βάῡρεῑςὸ.

577 2785 639 2823 Sic
666 2786 777 2835 quod
806 2785 1065 2834 interrogavit
1092 2786 1236 2834 Lycus.
1262 2791 1306 2824 ut
1331 2787 1463 2837 reipsa
1489 2788 1551 2825 lex
1575 2787 1762 2831 diverbii,
1793 2799 1909 2824 versu
1943 2790 2015 2839 7¹4
2047 2799 2136 2838 pro-

579 2902 603 2921 ι.
629 2891 793 2929 Euripides
808 2891 969 2927 Herakles,
990 2892 1028 2924 ll.
1046 2902 1078 2930 p.
1103 2891 1168 2922 185.
1189 2892 1312 2922 Berlin.
1335 2891 1421 2933 1889.

629 2939 735 2975 Herc„
754 2947 859 2978 7¹⁰·¹·

630 2985 756 3019 Ibidem,
776 2986 845 3025 7¹3-

598 3056 604 3062 .
628 3032 757 3067 Ibidem,
776 3033 846 3071 7¹4·

601 3103 606 3109 .
632 3079 758 3115 Ibidem,
778 3079 847 3118 715.

576 2948 604 3016 ,0³10

576 3036 594 3109 013>
