2394 3660
513 184 563 225 60
839 196 889 222 DE
919 195 1092 222 TRAGICA
1120 194 1393 225 AMBIGUITATE
1422 194 1529 221 APUD
1558 193 1791 220 EURIPIDEM.

565 285 726 324 Scilicet
747 283 951 333 navigatio
970 294 1041 332 per
1059 293 1188 332 aquas
1200 281 1373 332 Stygias,
1392 281 1505 332 quod
1520 280 1724 331 virginem
1739 280 1941 331 praeterit.
1957 280 2116 331 Itaque:

517 366 535 388 α
556 351 688 395 Mene,
712 349 862 399 inquit,
885 346 1152 386 comitabitur
1170 350 1314 392 mater,
1337 358 1387 385 an
1410 346 1493 384 sola
1514 345 1606 384 ibo.a
1625 359 1643 381 »
1675 344 1782 383 Cum
1811 344 1895 383 sola
1924 344 1975 382 sit
2001 345 2121 383 mori-

515 421 620 457 tura.
651 416 682 453 is
712 412 928 465 respondet
947 425 955 450 :

872 514 993 561 Μόνη,
1018 511 1213 562 μονωθεῖς’
1226 511 1294 551 ἀπὸ
1314 512 1450 564 πατρὶς
1470 509 1531 550 καὶ
1553 512 1712 562 μητέρος
1727 510 1755 548 “.

567 626 598 663 Τ
602 636 683 662 unc
706 623 856 661 iterum
876 622 1098 661 arbitratur
1112 622 1249 673 puella
1269 634 1365 661 eum
1385 622 1435 660 de
1455 622 1598 661 itinere
1623 620 1752 672 loqui,
1774 620 1886 672 quod
1913 632 2011 659 cum
2035 620 2122 659 viro

515 690 564 729 ad
594 700 739 727 novam
770 687 945 738 patriam
971 687 1163 726 habitura
1190 687 1440 738 sit.ltaque:

876 787 928 827 Οὔ
949 789 1016 827 πού
1040 787 1076 837 μ’
1090 788 1128 836 ἐς
1148 788 1254 827 ἄλλα
1270 785 1408 838 δώματ’
1422 787 1570 835 οἰκίζει*
1607 789 1720 840 πάτερ
1736 790 1774 834 ²²,

1553 818 1584 836 *a

568 901 604 939 ls
625 904 761 938 autem
783 899 925 937 minus
951 899 1132 948 ingenua
1159 899 1395 949 Iphigeniae
1421 899 1605 938 libertate
1630 899 1828 944 offensus,
1857 910 1984 950 quam
2010 898 2124 949 quod

514 965 666 1003 invitus
696 976 742 1002 ex
771 964 847 1002 hac
878 964 962 1002 sola
992 964 1234 1014 nuptiarum
1269 965 1661 1003 commemoratione
1689 963 1884 1015 perfidiae
1917 963 2122 1010 meminit,

514 1043 595 1081 qua
625 1028 889 1068 mactandam
919 1028 1048 1067 filiam
1085 1029 1128 1066 in
1166 1033 1296 1067 castra
1335 1029 1557 1074 arcessivit,
1598 1029 1861 1068 acerbissime
1896 1040 1986 1067 eam
2019 1032 2123 1066 vetat

515 1092 640 1130 ullam
663 1090 712 1129 de
733 1091 856 1129 rebus
876 1091 1131 1129 mentionem
1152 1091 1294 1136 facere,
1318 1103 1421 1142 quas
1442 1091 1644 1141 virginem
1665 1091 1852 1141 ignorare
1872 1091 2025 1130 deceat.

565 1157 684 1195 Jussa
706 1156 812 1206 regis
833 1160 1032 1201 assecuta,
1055 1155 1106 1193 ad
1133 1155 1210 1193 alia
1236 1155 1372 1206 puella
1398 1155 1580 1194 devertit.
1612 1155 1783 1206 Exoptat
1808 1156 1919 1193 enim
1948 1159 2121 1206 patrem,

517 1221 624 1259 bello
644 1220 694 1258 ad
715 1220 870 1258 exitum
891 1220 1104 1270 perducto,
1125 1232 1220 1258 mox
1242 1220 1281 1257 in
1305 1220 1516 1258 Graeciam
1537 1232 1624 1258 esse
1646 1220 1891 1258 rediturum.
1918 1219 2010 1259 Jam
2029 1232 2124 1258 vero

516 1298 576 1324 res
604 1286 645 1323 in
672 1284 955 1336 propinquum
985 1284 1162 1323 adducta
1188 1289 1248 1323 est
1273 1284 1511 1327 discrimen,
1542 1288 1581 1322 et
1609 1289 1784 1334 augetur
1812 1284 2010 1323 continuo
2037 1297 2124 1323 cru-

514 1351 643 1389 ciatus
676 1350 1013 1400 Agamemnonis.
1046 1349 1110 1388 Sic
1142 1350 1360 1388 confitetur
1394 1349 1653 1387 tristissimus
1694 1349 1771 1387 sibi
1806 1349 2123 1388 sacrificandum

514 1427 615 1460 esse,
646 1415 890 1466 priusquam
921 1415 1064 1453 abeat:

1442 1519 1457 1527 —e

1445 1531 1451 1546 t

904 1516 1019 1556 Θῦσαί
1042 1531 1087 1566 με
1108 1517 1231 1555 θυσίαν
1253 1520 1381 1564 πρῶ-,α
1400 1515 1454 1555 δε.
1475 1516 1542 1555 τιν’
1561 1515 1732 1555 evantes&

565 1628 640 1667 Cui
670 1627 780 1666 filia:
815 1643 831 1664 α
852 1627 922 1666 Eia
948 1639 1056 1671 vero,
1086 1627 1235 1678 inquit,
1267 1628 1379 1679 quod
1408 1628 1578 1679 quidem
1609 1628 1667 1667 fas
1698 1633 1772 1673 est,
1804 1633 1959 1679 oportet
1987 1633 2123 1669 tecum

514 1692 739 1732 videamus.
760 1707 776 1728 η

867 1774 990 1815 Ἀλλὰ
1009 1775 1185 1825 ’ξυνούσας
1204 1778 1281 1829 χρὴ
1301 1780 1340 1817 τό
1360 1777 1397 1828 γ’
1410 1777 1558 1827 εὐσεβὲς
1579 1780 1728 1816 σκοπεῖν
1742 1776 1773 1816 -'¹.

567 1887 871 1925 Coi-rectionem
901 1887 1065 1933 damus,
1098 1900 1224 1938 quam
1261 1887 1311 1926 H.
1348 1888 1520 1926 Weilius
1553 1888 1783 1939 proposuit.
1822 1888 2122 1927 Demonstravit

514 1954 624 1991 enim
646 1953 706 1990 vir
726 1953 917 1990 omnium
939 1954 1230 2003 sagacissimus
1251 1966 1415 1991 versum
1444 1954 1485 1991 in
1511 1954 1628 1991 libris
1656 1954 1851 1992 traditum
1880 1966 2013 2004 neque
2038 1966 2124 1993 rem

515 2021 790 2068 opportunam
820 2017 1013 2059 indicere.
1046 2030 1178 2068 neque
1208 2018 1258 2056 ad
1287 2029 1533 2068 responsum
1562 2018 1884 2067 Agamemnonis
1913 2023 2004 2069 apto
2031 2031 2125 2069 qua—

517 2080 647 2119 drare.
674 2081 900 2119 Probabilis
922 2081 1048 2132 igitur
1067 2082 1301 2121 emendatio
1326 2087 1400 2128 est,
1429 2094 1479 2120 ne
1505 2082 1642 2121 dicam
1670 2083 1910 2121 necessaria.
1940 2082 2124 2121 Mirabile

514 2153 649 2186 tamen
685 2152 743 2186 est.
778 2148 997 2187 Racinium
1031 2154 1235 2194 nostrum,
1264 2149 1432 2199 ingenio
1464 2150 1584 2195 duce,
1616 2150 1873 2200 suspicatum
1907 2162 1994 2188 esse
2022 2150 2123 2201 quid

520 2212 734 2263 Euripides
755 2213 994 2264 scripsisset.
1021 2213 1084 2251 Sic
1104 2214 1215 2252 enim
1236 2214 1376 2253 locum
1398 2215 1441 2252 in
1462 2226 1535 2254 sua
1557 2214 1764 2264 tragoedia
1785 2215 1924 2253 vertit:

852 2316 1064 2350 Verra-t-on
1083 2314 1103 2350 a
1123 2317 1251 2351 l’autel
1270 2319 1374 2351 votre
1393 2317 1578 2351 lleureuse
1597 2317 1793 2351 samillofv?

519 2423 595 2460 nisi
627 2428 762 2461 tamen
796 2423 903 2461 hanc
932 2422 1175 2461 sententiam
1206 2422 1248 2459 in
1278 2422 1394 2460 libris
1423 2434 1655 2472 expressam
1686 2422 1860 2460 duxerit.
1899 2422 2000 2471 Quis
2033 2434 2127 2460 vero

520 2487 733 2525 crediderit
754 2488 887 2526 virum
909 2500 1005 2525 cum
1027 2487 1218 2526 acumine
1239 2486 1395 2536 ingenii
1415 2487 1836 2537 praestantissimum,
1861 2491 1950 2524 tum
1972 2487 2126 2537 graecis

519 2552 663 2589 litteris
682 2552 1025 2596 eruditissimum,
1049 2552 1090 2590 in
1113 2556 1275 2589 tantum
1305 2563 1482 2589 errorem
1509 2550 1717 2592 incidisse.
1746 2563 1843 2589 cum
1870 2551 1911 2589 in
1939 2551 1996 2588 eis
2025 2551 2127 2601 lega-

520 2629 628 2659 mus,
652 2617 763 2667 quod
789 2618 845 2655 ita
871 2617 944 2655 Th.
975 2618 1047 2655 Fix
1071 2617 1114 2654 in
1135 2616 1313 2655 editione
1334 2628 1407 2654 sua
1434 2616 1558 2654 latine
1583 2616 1883 2654 enuntiaverit:
1916 2632 1933 2652 u
1953 2616 2002 2654 At
2029 2627 2125 2654 cum

520 2682 798 2721 sacerdotibus
820 2687 977 2734 oportet
999 2695 1155 2721 sacram
1177 2695 1262 2720 rem
1284 2682 1518 2720 deliberare.
1542 2696 1559 2717 u
1583 2681 1732 2720 Graece
1750 2695 1758 2719 ε

873 2780 995 2823 Ἀλλὰ
1017 2782 1076 2831 ξὺν
1099 2783 1214 2835 ἱερεῖς
1234 2784 1309 2834 χρὴ
1330 2786 1369 2822 τό
1393 2783 1427 2834 γ’
1442 2783 1588 2832 εὐσεβὲς
1609 2788 1773 2822 σκεπεῖν.

572 2906 600 2924 ι.
628 2894 728 2933 1ρ1ιίῃ.
751 2894 781 2924 ln
798 2894 882 2929 Aul„
899 2893 969 2933 669.

572 2952 600 2972 η..
627 2941 754 2979 Ibidem,
767 2940 837 2980 670.

567 2989 595 3018 3.
622 2987 749 3024 Ibidem,
764 2988 835 3027 673.

571 3036 600 3071 [⁸.
628 3034 755 3071 Ibidem,
772 3034 844 3074 674.

572 3082 600 3112 5.
628 3082 785 3121 Iphi-qenie
801 3092 835 3112 en
854 3081 975 3114 Aulide.
995 3091 1023 3112 v.
1042 3083 1111 3122 377.
