2394 3660
519 256 561 282 12
1169 247 1466 276 PROOEMH'M.

525 354 530 370 -'
567 342 621 381 Ea
656 346 715 380 est
742 341 864 380 altera
894 338 1158 388 ambiguitas,
1197 346 1324 387 quam
1360 333 1585 385 prudenter
1617 343 1792 383 persona
1825 343 1910 370 una
1942 331 2126 378 adhibet,

515 419 611 446 cum
641 407 959 457 Clytaemnestra
990 414 1071 441 non
1103 400 1249 439 sentiat
1277 398 1406 437 filiam
1436 398 1560 436 morti
1594 395 1780 447 Aegisthi
1814 396 1922 435 intra
1956 397 2128 448 parietes

515 472 684 517 iacentis
713 470 905 508 alludere.

568 536 756 575 Ceterum
792 533 1044 583 antiquiores
1080 530 1208 569 critici
1243 529 1351 568 hanc
1386 527 1637 576 tragicorum
1675 526 1926 578 scriptorum
1964 526 2129 566 dicendi

517 602 715 639 rationem
730 598 983 649 jampridem
1004 595 1404 637 animadverterunt;
1427 603 1510 630 non
1538 590 1652 642 quod
1678 602 1770 629 eam
1797 591 1988 642 quotiens
2013 604 2132 630 usur-

515 670 692 716 paretur,
716 662 952 702 indixerint.
977 661 1048 699 sed
1069 659 1179 711 quod
1202 658 1306 697 illud
1326 656 1542 709 permagni
1564 656 1710 694 referre
1735 655 2054 700 arbitrabamur,
2082 661 2129 694 ut

515 730 655 780 opinio
685 733 820 766 nostra
851 738 995 765 eorum
1031 724 1267 763 testimonio
1302 733 1608 772 nonnunquam
1641 721 1968 766 confirmaretur,
2007 721 2129 760 Nullo

515 795 623 832 enim
664 798 782 844 pacto
822 791 988 829 infitiari
1027 790 1160 841 possis
1200 801 1266 826 eos
1302 787 1465 837 saepius
1501 797 1586 824 rem
1621 798 1697 824 acu
1735 786 1929 836 tetigisse.
1973 785 2130 824 Idcirco

517 859 738 897 maximam
768 868 910 894 euram
942 860 980 893 et
1008 854 1264 904 diligentiam
1299 851 1571 890 adhibuimus
1606 851 1649 889 in
1683 850 1865 897 scholiis,
1906 863 2040 902 nuper
2076 850 2128 889 ab

515 925 558 964 E.
574 925 778 963 Schwartz
796 922 914 960 editis
931 934 958 963 ¹.
974 933 1068 972 quae
1080 920 1200 958 nobis
1213 919 1263 957 de
1280 930 1428 961 novem
1445 917 1655 968 Euripidis
1671 917 1822 956 sabulis
1836 922 2124 969 pervenerunt.

568 989 824 1029 Recentiores
845 987 1015 1037 quidem
1045 998 1130 1024 rem
1151 985 1348 1023 intactam
1370 995 1455 1021 non
1475 983 1700 1033 liquerunt.
1725 979 1924 1022 Nonnulli
1944 983 2056 1021 enim
2075 982 2129 1021 de

515 1055 591 1093 hoc
619 1054 709 1104 styli
737 1052 909 1091 artificio
935 1051 1045 1102 apud
1072 1050 1322 1100 Aeschylum
1349 1060 1396 1087 ac
1422 1048 1667 1098 Sophoclem
1695 1048 1935 1099 praesertim
1963 1048 2007 1086 in
2037 1048 2130 1087 Ger-

514 1120 651 1158 mania
678 1119 973 1169 scripserunt2.
1003 1116 1108 1155 Cum
1138 1114 1348 1153 neminem
1371 1113 1624 1157 noverimus,
1653 1113 1726 1163 qui
1753 1124 1839 1151 rem
1866 1113 1909 1151 in
1930 1112 2128 1164 Euripide

512 1184 827 1233 investigaverit,
859 1195 979 1233 opus,
1016 1180 1206 1232 quamvis
1239 1183 1344 1217 esset
1378 1178 1519 1228 magni
1545 1177 1711 1223 laboris,
1741 1178 1924 1228 aggressi
1957 1190 2121 1217 sumus.

514 1250 673 1299 Septem
704 1248 812 1286 enim
841 1259 886 1285 ae
912 1247 1053 1284 decem
1083 1245 1258 1294 hujusce
1287 1247 1429 1295 poetae
1459 1242 1704 1292 tragoediae,
1731 1243 1896 1294 Cyclope
1922 1254 1968 1281 ac
1997 1243 2126 1282 Rheso

513 1316 705 1366 exceptis.
730 1314 849 1352 nobis
870 1313 1040 1351 traditae
1062 1316 1172 1355 sunt,
1196 1323 1299 1361 quas
1329 1310 1533 1361 perlegere
1559 1314 1597 1347 et
1623 1309 1894 1348 attentissime
1919 1315 2123 1355 excutere,

514 1381 666 1418 multos
692 1380 778 1418 dies
803 1377 1068 1429 postulax‘itss.

567 1533 591 1553 1.
617 1521 741 1552 Scholia
758 1521 787 1550 in
805 1520 983 1559 Euripidem
999 1518 1121 1557 ccilleqil
1139 1518 1290 1548 recensuit
1305 1517 1402 1548 edidit
1417 1517 1596 1548 Eduardus
1614 1516 1791 1547 Schwartz.
1810 1516 1883 1546 Vol.
1904 1516 1942 1546 ΙΙ.
1963 1516 2124 1548 Berolini.

515 1569 658 1599 188--18s
672 1579 696 1598 1.

561 1591 589 1647 ε’.
615 1582 673 1646 Βῖζτ
697 1615 892 1654 Amphibolie
915 1614 962 1643 bei
983 1613 1150 1651 Aeschylos
1172 1613 1233 1643 nmz
1256 1612 1441 1652 Sophokles.
1467 1621 1532 1641 von
1555 1611 1622 1641 JOS.
1649 1611 1817 1650 Pokorny.
1840 1610 2041 1648 Programm
2067 1611 2126 1640 des

512 1664 551 1694 Κ.
580 1664 619 1693 K.
648 1663 810 1693 Real-und
837 1662 1184 1699 (ibor-(tymnasiums
1213 1671 1252 1690 zu
1285 1662 1371 1697 [ing.
1402 1659 1568 1690 Hradisch
1594 1660 1629 1688 in
1655 1658 1805 1689 Mfihren.
1836 1657 1924 1690 1883.
1948 1658 1966 1694 4
1987 1658 2041 1697 (37
2062 1663 2124 1697 p.).

514 1709 602 1745 1884,
620 1709 782 1748 504611).

562 1758 591 1788 3.
616 1757 790 1789 Ordinem.
808 1767 885 1787 cum
910 1758 1057 1795 singulis
1079 1757 1204 1786 sabulis
1226 1757 1435 1791 studuimus,
1455 1755 1560 1785 secuti
1583 1763 1714 1790 summ,
1738 1763 1841 1792 quem
1864 1754 2064 1792 nosmetipsi
2090 1754 2124 1783 in

512 1806 627 1835 nostro
644 1805 731 1834 libro
747 1804 782 1834 cle
799 1807 866 1834 arte
883 1804 980 1842 lyrica
996 1804 1078 1843 apud
1093 1803 1229 1842 traqicos
1244 1804 1381 1842 scripto,
1398 1802 1621 1842 probabiliter
1635 1801 1867 1831 definivimus.
