2394 3660
556 153 686 180 CAPUT
715 140 797 179 x'v'r.
820 139 872 168 -‘-
901 139 958 176 π’
980 141 1186 176 remotum
1215 150 1252 176 n·
1284 149 1447 176 Αυιιῡε.
1761 142 1826 174 oo·

198 257 388 296 unquam
408 243 702 285 invenerimus,
721 240 794 292 qui
809 251 877 279 eos
893 242 1001 278 recte
1013 243 1051 277 et
1066 238 1268 282 absolute,
1286 242 1426 277 nostro
1447 237 1618 288 quidem
1634 235 1809 287 judicio,

197 309 515 362 explanaverint.

250 375 385 415 Refert
399 374 511 413 enim
526 377 638 412 actor
653 372 818 415 milites,
836 370 992 422 quibus
1008 368 1223 407 insolitum
1244 380 1330 407 esse
1351 368 1566 407 videbatur
1586 368 1812 418 ingenuam

196 441 398 492 virginem
428 440 471 477 in
497 438 640 477 castris
674 437 830 481 adesse,
862 435 1095 474 existimare
1121 446 1211 473 eam
1239 447 1260 472 a
1288 446 1380 484 rege
1406 438 1631 477 evocatam,
1661 437 1706 470 ut
1733 432 1812 470 hoc

197 505 323 548 fieret,
347 503 461 553 quod
495 502 722 555 προτελίζειν
755 501 972 539 diceretur.
1013 500 1181 537 Constat
1219 510 1314 537 vero
1351 499 1435 536 vim
1469 497 1657 536 vocabuli
1686 497 1812 535 fuisse

195 569 418 620 duplicem.

244 627 385 673 'Unam
404 632 524 670 docet
550 631 735 670 Pollux¹.
770 631 878 669 Patri
907 629 1020 668 enim
1046 640 1137 667 mos
1165 633 1262 671 erat,
1291 628 1537 679 priusquam
1568 628 1696 666 filiam
1726 628 1813 666 viro

194 699 425 741 collocaret,
447 696 603 735 Junoni
631 695 694 734 vel
723 695 877 733 Dianae
907 693 1155 737 sacrificare;
1189 697 1279 731 tum
1310 698 1439 744 nupta
1469 693 1585 742 virgo
1613 693 1711 731 deae
1732 693 1813 731 cin-

193 763 368 802 cinnum
389 761 598 805 offerebat,
621 760 735 811 quod
755 761 981 814 προτελίζειν
1003 758 1240 797 vocabatur.
1262 758 1298 796 ls
1318 763 1376 796 est
1394 770 1504 796 unus
1521 757 1631 796 vocis
1648 770 1808 801 sensus,

195 839 321 879 quem
343 827 430 866 vult
450 827 624 865 nuntius
645 824 885 876 significari.

245 893 432 932 Alterum
447 904 542 930 vero
562 903 647 929 non
667 890 877 934 discernit,
907 890 1119 927 funestum
1147 889 1317 940 quidem
1344 893 1382 927 et
1408 889 1627 927 infelicem.
1651 889 1690 926 Si
1717 889 1812 939 quis

193 960 305 998 enim
339 959 591 1010 piacularem
625 957 804 996 hostiam
837 956 1035 998 caederet,
1073 961 1119 994 ut
1151 956 1312 994 veniam
1349 956 1410 994 vel
1443 955 1643 993 auxilium
1678 967 1700 993 a
1733 955 1820 992 diis·

194 1028 360 1075 peteret,
383 1023 463 1062 hoc
481 1022 641 1073 agebat,
664 1021 774 1072 quod
799 1021 910 1072 apud
932 1022 1107 1060 Graecos
1127 1022 1353 1074 προ-,ελίζειν
1382 1020 1689 1059 nominabatur.
1711 1020 1812 1069 Quis

196 1093 334 1128 autem
355 1100 439 1126 non
462 1088 583 1126 sentit
602 1087 680 1125 hoc
695 1087 790 1137 jure
809 1087 860 1124 de
880 1087 1192 1135 Agamemnone
1212 1086 1309 1130 dici,
1333 1098 1430 1124 cum
1459 1086 1587 1124 filiam
1619 1086 1705 1135 ipse
1732 1085 1812 1123 diis

195 1158 450 1193 mactaturus
477 1153 542 1196 sit,
576 1157 621 1190 ut
648 1164 770 1190 naves
797 1152 1047 1190 Graecorum
1075 1164 1096 1189 e
1124 1152 1241 1190 litore
1269 1151 1503 1190 solvantur?

247 1218 431 1258 Eandem
469 1217 635 1257 dicendi
670 1222 798 1255 artem
835 1221 952 1267 poeta
982 1216 1106 1266 'haud
1142 1216 1274 1254 multo
1304 1222 1396 1267 post
1437 1217 1534 1254 scite
1569 1215 1809 1266 usurpavit:

195 1284 357 1335 scripsit
382 1284 494 1322 enim
516 1296 523 1321 :

876 1335 1006 1382 ...Τίς
1026 1350 1079 1373 νιν
1104 1334 1228 1383 ἄξεταί
1249 1350 1360 1383 πετες

716 1401 723 1411 ι
753 1398 770 1411 Ὺ

634 1400 711 1440 ἀλ),
737 1415 808 1443 322,
831 1399 918 1439 τάπὶ
939 1400 1064 1439 ταισίδ’
1079 1398 1236 1453 ἐξάρχου
1258 1406 1368 1443 xxvi,

632 1468 872 1518 στεφανεῦςθε
891 1471 1010 1518 κρᾶτα
1024 1476 1054 1504 2.

243 1574 485 1613 Existimare
514 1573 606 1611 licet
635 1572 877 1624 Euripidem
908 1572 1030 1610 verba
1060 1573 1114 1620 τίς
1141 1585 1192 1609 νιν
1226 1570 1352 1620 ἄξεταί
1380 1586 1467 1611 ’,τε-,ε
1494 1572 1536 1609 in
1563 1583 1610 1609 eo
1636 1571 1808 1609 consilio

190 1640 393 1692 posuisse.
425 1643 470 1677 ut
500 1638 625 1676 simul
659 1638 692 1675 is
727 1638 813 1688 ipsc
845 1637 1091 1687 signaretur,
1126 1648 1309 1687 quocum
1344 1636 1394 1675 ad
1419 1637 1670 1687 supplicium
1706 1642 1808 1675 esset

189 1707 311 1747 itura,
340 1709 384 1743 ut
411 1709 580 1742 testatur
604 1703 718 1754 ipsa:

779 1769 844 1816 Τίς
866 1766 997 1818 μἐἶσιν
1021 1766 1214 1815 ὀίξων3....

244 1877 365 1928 Quod
391 1877 442 1915 ad
471 1876 615 1914 corbes
647 1880 814 1926 spectat,
844 1887 949 1926 quae
975 1874 1026 1912 ad
1055 1876 1255 1928 πρετὲλεια
1284 1875 1528 1913 celebranda
1558 1875 1809 1914 necessariae

189 1948 318 1987 erant,
351 1942 446 1980 satis
475 1942 525 1979 sit
551 1953 717 1979 monere
747 1952 890 1979 earum
924 1940 1179 1978 mentionem
1210 1940 1493 1990 redintegrari,
1523 1940 1692 1991 quando
1723 1953 1809 1979 nar-

188 2013 302 2047 ratur
334 2020 415 2059 qua
448 2006 603 2045 ratione
639 2010 813 2044 mactata
847 2005 897 2043 sit
929 2005 1078 2056 puella.
1110 2005 1219 2054 Quin
1256 2005 1379 2043 etiam
1415 2005 1536 2044 verba
1569 2009 1809 2057 στεςανεῦςθε

189 2079 310 2128 κρᾶτα
336 2085 416 2112 non
448 2072 535 2111 sine
563 2071 747 2122 quodam
774 2071 947 2109 artificio
976 2070 1019 2108 in
1049 2083 1096 2109 eo
1124 2072 1214 2109 loco
1249 2071 1433 2121 subjecta
1466 2076 1576 2109 sunt.
1615 2071 1810 2110 Hortatur

191 2141 303 2180 enim
330 2140 504 2179 nuntius
526 2143 572 2177 ut
590 2138 755 2177 Atridae
782 2137 859 2176 sibi
886 2150 1081 2176 coronam
1102 2137 1335 2189 imponant,
1358 2138 1412 2176 ita
1442 2150 1536 2176 vero
1563 2139 1809 2179 sententiam

189 2205 442 2251 informavit,
476 2209 524 2243 ut
555 2205 634 2243 hoc
668 2215 751 2242 non
786 2203 927 2241 minus
956 2204 1117 2254 puellae
1147 2203 1425 2242 immolandae
1459 2203 1711 2243 suaderetur.
1745 2204 1808 2243 Sic

189 2272 302 2311 enim
328 2271 432 2310 volet
461 2271 636 2309 frontem
664 2281 814 2308 corona
836 2269 947 2319 cingi
974 2269 1103 2319 virgo,
1131 2281 1228 2307 Cum
1257 2269 1307 2307 ad
1334 2281 1446 2307 aram
1473 2269 1659 2308 incedet:

682 2374 691 2384 1
725 2373 733 2384 Ι
900 2372 906 2383 5
954 2373 964 2379 “
1050 2372 1079 2384 ΙΝ

666 2375 806 2425 >assez
825 2373 1005 2425 tsp'xsssmae
1026 2386 1156 2420 «ιεετε,
1180 2387 1266 2424 φερε

971 2436 1002 2449 'S

1024 2372 1040 2401 37

664 2451 718 2476 τε·
740 2437 938 2487 πλέκαμες
962 2439 1023 2476 ’.εει
1049 2439 1340 2489 καταστέςειν...
1356 2435 1386 2474 ·'¹.

245 2550 432 2602 Denique
459 2562 604 2589 omnes
633 2550 705 2601 qui
736 2550 902 2593 adsunt,
929 2550 1050 2600 jubet
1080 2563 1221 2588 servus
1252 2551 1355 2588 laeto
1386 2562 1472 2588 esse
1501 2550 1653 2589 animo.
1687 2551 1808 2600 Quod

190 2617 302 2656 idem
327 2628 472 2654 rursus
498 2616 673 2667 imperat
700 2615 928 2666 Iphigenia,
952 2616 1024 2654 ubi
1052 2620 1195 2667 sponte
1222 2616 1426 2654 moriendi
1453 2616 1675 2654 consilium
1700 2617 1806 2660 iniit,

191 2694 304 2727 cum,
334 2681 534 2731 sanguine
560 2681 690 2719 effuso
716 2681 974 2731 prohibitura
998 2681 1061 2725 sit,
1084 2681 1312 2732 quominus
1346 2681 1594 2720 Graecorum
1617 2681 1808 2719 mulieres

191 2759 381 2798 unquam
407 2759 429 2785 a
456 2746 642 2785 barbaris
670 2746 910 2785 violentur-5.

250 2884 274 2903 ι.
304 2871 533 2905 Onomasticon,
551 2871 607 2905 111.
626 2870 676 2900 38.

298 2918 401 2959 lphiq.
421 2918 451 2948 ιή
469 2918 554 2956 Aul„
572 2918 678 2953 434-6.

300 2966 429 3002 Ibidem,
449 2965 536 3006 ¹459·

299 3013 429 3049 Ibidem,
452 3011 572 3052 1477-8.

299 3061 428 3097 Ibidem,
449 3059 524 3101 1467
545 3069 605 3099 sqq

241 2930 271 3092 wey?
