2394 3660
763 175 893 201 CAPUT
922 175 991 201 ω.
1016 186 1065 191 -
1096 175 1146 200 m:
1178 174 1346 200 numa.
1816 162 1862 202 43

248 266 428 312 crepant.
458 262 576 307 Nam,
604 267 826 314 postquam
855 274 923 301 rex
948 262 1119 312 rogarit,
1153 261 1360 300 veneritne
1389 261 1461 312 qui
1490 260 1720 299 Menelaum
1749 271 1866 298 occu-

247 324 386 365 buisse
411 325 571 372 dixerit,
601 331 691 366 tum
716 327 936 378 respondet
962 326 1115 365 Helena
1136 340 1143 364 :

588 433 697 474 ‘'ll-aea
716 449 724 456 ·
749 434 857 483 μόλοι
878 434 951 487 γὰρ
971 428 1007 473 οἷ
1027 433 1167 485 σφ’,ἑγὼ
1187 436 1315 487 χρῄζω
1333 434 1465 483 μολεῖν
1485 435 1513 474 “.

247 555 400 594 latine:
426 554 583 593 «Venit
607 554 675 592 ille
697 565 813 598 sane;
837 554 959 592 velim
985 566 1078 592 vero
1099 555 1149 604 (ζ’)
1170 559 1232 592 eat
1259 566 1342 604 quo
1368 566 1465 592 eum
1492 554 1549 592 ire
1573 554 1713 605 cupio.
1733 567 1752 589 n
1778 552 1864 591 Per-

248 618 369 657 multi
394 618 564 670 quidem
591 619 644 657 ita
671 630 836 656 versum
863 619 1129 669 scripserunt.
1159 619 1422 657 Hermannus
1452 624 1607 662 contra,
1639 630 1764 669 quem
1793 617 1864 656 Fix

248 688 414 724 secutus
440 688 527 722 est:

624 765 733 806 ’Ήκει
750 780 758 788 ·
778 767 886 815 μέλει
909 767 995 818 γὰρ,
1018 766 1070 814 ὡς
1090 767 1164 818 ἐγὼ
1184 769 1313 820 χρῄζω
1336 768 1483 816 μολεῖν.

245 883 358 935 quod
391 883 479 934 ipse
508 883 566 921 sic
599 883 743 921 vertit:
771 898 788 919 α
808 883 940 922 Venit.
971 906 1019 911 —-
1050 884 1218 922 Utinam
1249 885 1417 928 venerit,
1455 885 1511 922 sic
1546 890 1591 923 ut
1625 896 1700 934 ego
1730 884 1862 934 (eum)

244 948 404 987 venisse
424 947 561 998 cupio.
582 961 600 983 n
624 947 858 986 Arbitratur
887 949 999 986 enim
1027 949 1420 988 criticus=Helenam
1447 950 1581 1001 ipsam
1607 949 1657 988 de
1679 948 1862 987 Menelao

245 1013 511 1064 cogitantem,
538 1012 640 1051 velle
659 1012 992 1064 Theoclymenon
1019 1014 1061 1052 id
1088 1015 1145 1052 sic
1166 1016 1362 1066 accipere,
1381 1015 1499 1066 quasi
1519 1019 1675 1066 optaret
1696 1014 1863 1065 periisse

245 1078 366 1117 illum
392 1077 437 1116 in
462 1078 582 1122 mari,
611 1078 684 1129 qui
711 1083 888 1117 mortem
916 1079 1051 1117 mariti
1080 1080 1320 1118 nuntiatum
1348 1081 1563 1118 venisset2.

298 1142 492 1182 Fatemur
529 1143 714 1194 quidem,
747 1155 845 1182 cum
880 1144 923 1182 in
957 1156 1004 1183 eo
1037 1144 1127 1183 loco
1160 1157 1243 1183 non
1278 1145 1460 1183 multum
1495 1146 1601 1184 absit
1635 1145 1737 1196 quin
1769 1145 1863 1183 libri

247 1209 388 1248 animo
409 1207 673 1250 satisfaciant.
697 1209 805 1247 hanc
825 1209 1157 1248 emendationem
1183 1211 1304 1248 nobis
1332 1222 1480 1261 parum
1510 1211 1682 1261 placere.
1714 1209 1758 1248 In
1788 1209 1864 1248 hoc

247 1274 359 1312 enim
384 1273 570 1312 diverbio
591 1274 679 1324 jam
710 1286 794 1312 non
824 1274 1049 1326 quaeritur,
1082 1275 1195 1326 quod
1226 1275 1397 1314 minoris
1427 1280 1487 1314 est
1516 1275 1730 1318 momenti,
1762 1287 1865 1326 quo-

248 1339 373 1377 modo
400 1338 610 1377 Menelaus
637 1339 679 1377 in
706 1339 1003 1390 ⁴&egyptiorum
1023 1341 1120 1378 litus
1149 1340 1348 1379 fluctibus
1368 1341 1568 1392 appulsus
1591 1341 1655 1384 sit,
1686 1340 1756 1379 sed
1781 1352 1863 1390 qua

246 1404 401 1443 ratione
421 1404 464 1442 in
484 1404 661 1456 patriam
682 1404 813 1443 redire
832 1405 975 1456 possit.
1001 1405 1145 1457 Itaque
1171 1405 1443 1444 libentissime
1471 1405 1724 1444 Rirchhoffio
1745 1405 1865 1444 adsti-

247 1469 459 1521 pulamur,
488 1469 576 1521 qui,
605 1469 722 1508 libris
748 1469 889 1508 leviter
915 1471 1120 1515 correctis,
1149 1471 1391 1521 proposuit:

961 1584 967 1593 ι
1006 1581 1022 1593 2⁶

592 1583 700 1623 ’Ήκει
717 1595 723 1602 ·
743 1584 851 1633 μέλε’.
873 1584 911 1623 δέ
930 1599 955 1635 γ
986 1599 1016 1624 ε’.
1044 1586 1097 1636 σφ’
1117 1584 1192 1635 ἐγὼ
1213 1586 1340 1637 χρῄζω
1363 1584 1510 1634 μελεῖν.

248 1706 361 1757 quod
401 1706 455 1745 ita
489 1706 849 1757 interpretandum
882 1711 969 1745 est:
997 1707 1167 1745 «Venit.
1203 1730 1250 1735 —
1286 1707 1454 1746 Utinam
1491 1719 1583 1745 vero
1617 1707 1749 1750 abeat,
1781 1718 1865 1757 quo

245 1782 342 1810 eum
369 1770 481 1810 abire
501 1772 639 1823 cupio.
662 1786 679 1807 »
704 1771 767 1810 Sic
788 1771 958 1810 Menelai
986 1771 1186 1810 adventus
1215 1785 1261 1811 ac
1288 1772 1456 1815 reditus,
1481 1772 1681 1822 particula
1708 1774 1754 1823 γε’
1780 1783 1863 1809 non

247 1835 334 1874 sine
353 1836 526 1875 consilio
547 1837 770 1875 sententiae
791 1836 1000 1887 adjuncta,
1026 1837 1230 1875 subtiliter
1250 1838 1355 1875 inter
1385 1849 1426 1875 se
1453 1841 1738 1888 opponuntur,
1760 1836 1863 1875 dum

246 1906 387 1940 contra
403 1901 726 1952 Theoclymenos
747 1902 945 1952 intellegit
965 1915 973 1940 :
1000 1918 1017 1938 (ι
1036 1902 1155 1940 Venit
1172 1902 1342 1953 quidem
1360 1903 1564 1940 infaustus
1584 1903 1656 1940 iste
1673 1902 1860 1941 nuntius.

247 1966 415 2005 L'tinam
440 1978 535 2005 vero
561 1971 623 2005 eat
649 1979 734 2018 quo
759 1979 856 2005 eum
882 1967 940 2005 ire
967 1967 1104 2017 cupio.
1134 1967 1174 2005 id
1205 1972 1278 2009 est,
1310 1968 1360 2015 εἰς
1385 1970 1563 2020 κόρακας.
1580 1983 1596 2003 n

299 2032 525 2071 Confestim
553 2032 705 2070 Helena
731 2032 868 2070 virum
895 2032 946 2070 ad
975 2032 1212 2083 sepulcrum
1241 2032 1450 2070 sedentem
1472 2033 1553 2082 regi
1576 2032 1767 2076 ostendit,
1791 2032 1864 2083 qui

246 2097 463 2136 sordidum
485 2097 676 2136 habitum
696 2110 743 2135 ac
763 2097 938 2136 laceram
960 2097 1048 2147 ejus
1070 2102 1224 2136 vestem
1245 2098 1430 2135 miratur.
1455 2097 1562 2136 Tum
1584 2097 1734 2135 mulier
1753 2111 1759 2134 :

1145 2203 1232 2216 γῆν

629 2202 772 2253 ”Quen
791 2204 888 2244 δεκῶ
911 2205 975 2253 μὲν
998 2204 1116 2253 κάμὴν
1139 2204 1201 2243 ‹02’
1216 2219 1312 2255 εχειν
1334 2207 1436 2243 πέσεν
1451 2204 1482 2243 3.

245 2329 319 2368 ubi
357 2333 584 2380 temperare
622 2327 726 2366 mihi
764 2339 848 2366 non
887 2340 1074 2378 possum.
1107 2328 1209 2378 quin
1243 2340 1333 2366 eam
1371 2328 1544 2366 arbitrer
1573 2328 1864 2378 Theoclymeni

244 2393 517 2434 imbecillitati
547 2393 675 2432 animi
703 2392 809 2431 ultra
839 2393 1014 2431 modum
1041 2405 1127 2432 esse
1155 2392 1395 2432 confisam&

303 2557 328 2577 1.
355 2547 438 2586 Hel„
460 2556 548 2577 1201.

299 2606 326 2624 2.
351 2595 436 2625 Vide
458 2594 632 2633 Euripidis
657 2593 817 2629 Helenam.
839 2602 944 2631 quam
968 2594 1134 2623 recensuit
1158 2593 1196 2625 G.
1215 2594 1442 2629 meramnum,
1466 2595 1627 2631 Ber-otini,
1644 2595 1737 2634 apud
1753 2594 1867 2627 Weid-

247 2651 402 2677 mannOS,
432 2641 519 2681 1837.

299 2689 328 2721 3.
353 2688 438 2728 Het,
466 2688 555 2719 1205.

297 2739 326 2770 [ι.
352 2736 381 2766 Is
407 2738 519 2766 tamen
545 2737 648 2775 paulo
671 2738 745 2774 post
768 2736 955 2765 sciscitatur
979 2736 1014 2764 in
1036 2744 1102 2773 qua
1126 2736 1235 2766 litoris
1259 2739 1352 2775 parte
1373 2740 1567 2775 quassatam
1594 2747 1713 2767 navem
1738 2738 1865 2767 advena

244 2784 440 2814 deseruerit.
467 2783 656 2822 Respondet
681 2783 849 2813 Lacaena:

730 2828 812 2861 ὅπου
829 2836 936 2865 κακῶς
952 2830 1072 2869 ὄλοιτο,
1091 2831 1252 2867 Μενέλεως
1269 2832 1302 2864 δὲ
1321 2831 1378 2872 μή.

247 2880 293 2909 De
308 2888 378 2918 quo
394 2878 467 2909 loco
484 2878 626 2916 Pssugk:
647 2889 661 2905 u
681 2879 713 2908 Si
729 2887 746 2908 e
764 2878 1005 2916 Theoclymeni
1023 2881 1146 2913 mente,
1162 2880 1219 2913 ait,
1233 2881 1375 2918 accipies
1395 2880 1571 2919 supplebis
1587 2881 1705 2921 ὤφελεν
1721 2876 1863 2911 ὀλέσθαι.

245 2926 370 2956 Helena
395 2935 473 2956 vero
499 2926 552 2956 his
579 2926 687 2955 verbis
711 2926 973 2955 exsecrationem
1001 2927 1120 2956 mortis
1144 2927 1267 2956 nuntio
1292 2928 1441 2957 debitam
1468 2930 1640 2958 revocat.»
1659 2928 1761 2957 Porro
1786 2936 1864 2957 cum

244 2974 415 3004 Menelaus
431 2982 499 3004 non
517 2974 559 3003 sit
577 2974 744 3004 mortuus.
762 2973 891 3011 quippe
907 2982 1010 3011 quem
1027 2982 1146 3002 omnes
1164 2974 1197 3003 in
1217 2975 1346 3004 theatro
1366 2975 1536 3005 sedentem
1556 2975 1777 3013 conspiciant.
1796 2983 1863 3003 non

244 3030 359 3051 rerum
377 3021 549 3050 xeritatem
569 3019 736 3049 malitiose
758 3019 941 3049 obumbrat
964 3020 1100 3054 Helena,
1120 3021 1175 3050 sed
1199 3023 1311 3059 aperte
1335 3022 1509 3051 mentitur.
1531 3022 1672 3052 Versum
1694 3022 1768 3051 1215
1784 3031 1865 3059 ergo

248 3070 415 3100 intactum
441 3067 681 3106 relinquimus.
708 3076 784 3096 cun·
809 3067 901 3104 operi
925 3068 1038 3096 nostro
1062 3068 1102 3097 sit
1126 3068 1269 3098 alienus.
