2394 3660
710 159 840 186 CAPUT
869 159 955 185 vm.
977 167 1030 175 —
1057 155 1110 184 DE
1137 157 1242 184 lom-3.
1739 146 1782 183 31

174 249 284 288 Ionis
309 248 557 300 genetricem
584 259 672 286 esse
700 247 1040 289 infelicissimam,
1069 257 1167 284 cum
1194 243 1475 283 infelicissima
1505 244 1592 294 ipsa
1623 243 1674 280 sit
1703 255 1790 281 mu-

173 313 337 358 lierum,
360 325 493 364 neque
514 313 654 351 minus
675 317 781 351 recte
802 316 924 361 negat
950 324 991 349 se
1018 311 1179 350 novisse
1204 322 1311 362 quae
1330 309 1542 360 juniorem
1569 309 1785 359 pepererit,

174 378 453 418 cumnesciat
477 391 573 416 eum
601 390 623 417 a
653 390 694 416 se
720 390 807 415 esse
833 381 1011 427 partum.

229 443 462 496 Respondet
481 443 722 482 adulescens·
742 455 750 480 τ

549 536 734 588 Ἀδίκημά
758 552 822 577 του
841 537 1013 588 *summe-3
1034 536 1214 587 ἐγενόμην
1237 537 1367 583 {bugu

225 646 363 686 Mirari
382 646 553 698 quidem
573 645 706 696 possis
726 656 824 684 eum
846 648 958 683 tanto
989 642 1145 693 ingenii
1165 642 1358 681 acumine
1378 642 1428 680 de
1447 646 1540 680 ortu
1566 654 1642 679 suo
1667 641 1793 691 conji-

171 724 274 752 cere.
296 712 388 752 Jam
414 723 508 750 vero
536 700 1000 749 lectorcm'monuimus
1024 708 1065 746 in
1093 708 1150 746 eis
1181 707 1418 746 fabularum
1439 707 1627 758 partibus
1649 707 1790 744 minus

171 777 285 828 quod
313 776 546 820 verisimile,
578 787 705 826 quam
740 774 854 825 quod
893 773 1043 812 subtile
1080 777 1198 817 esset,
1230 772 1472 823 Euripidem
1503 771 1784 822 exquisivisse.

172 842 361 881 Ceterum
397 841 438 879 in
471 839 665 879 adverbio
697 842 785 887 ἴσως
820 839 904 877 vim
938 838 1185 877 nonnullam
1218 837 1331 876 haud
1367 837 1598 875 inconsulte
1625 836 1779 886 posuit,

172 919 256 958 quo
283 919 344 945 res
364 905 492 945 dubie
516 917 706 956 expressa
732 904 874 942 minus
901 904 952 943 ad
978 903 1191 942 veritatem
1219 903 1452 953 quadraret.

225 971 422 1010 Creusam
442 974 580 1008 tamen
606 968 735 1020 pudet
755 967 915 1019 juniori
941 967 1055 1006 fateri
1077 980 1118 1005 se
1144 966 1245 1005 olim
1271 966 1322 1004 ab
1349 966 1538 1017 Apolline
1563 969 1791 1016 stupratam

171 1035 223 1074 de
260 1039 356 1074 nato
393 1035 519 1074 deum
558 1034 786 1073 consulere.
829 1033 967 1083 Fingit
996 1033 1088 1071 ideo
1124 1045 1165 1071 se
1198 1032 1249 1070 ab
1283 1031 1416 1070 amica
1449 1031 1631 1081 quadam
1668 1030 1707 1067 in
1747 1042 1794 1068 eo

172 1100 345 1139 consilio
365 1112 452 1139 esse
472 1099 660 1144 missam,
683 1098 798 1149 quod
824 1098 1034 1136 neminem
1066 1098 1185 1148 fugit,
1209 1110 1256 1136 eo
1277 1101 1440 1135 tantum
1461 1100 1643 1147 excepto,
1667 1095 1789 1146 cujus

172 1165 353 1204 maxime
379 1164 591 1208 referebat,
633 1168 678 1202 ut
714 1175 798 1202 non
836 1162 1106 1214 deciperetur.
1137 1162 1201 1200 Sic
1234 1161 1375 1200 omnia
1408 1173 1513 1212 quae
1549 1164 1788 1203 evenerunt,

172 1229 332 1281 pudore
367 1229 492 1274 salvo,
522 1233 697 1268 enarrat.
730 1228 761 1266 T
766 1239 838 1266 um
867 1228 899 1265 is
927 1227 1143 1265 mulierem
1171 1227 1395 1276 interrogat
1424 1239 1471 1264 ex
1496 1239 1580 1276 quo
1611 1230 1795 1276 tempore

173 1307 276 1347 puer
302 1295 369 1335 ille
397 1295 608 1347 expositus
638 1294 702 1333 sit.
734 1293 810 1332 Cui
839 1293 992 1332 Creusa
1019 1293 1121 1331 mira
1147 1292 1402 1331 divinatione
1428 1292 1576 1331 ducta:

544 1395 608 1436 Σοὶ
629 1395 729 1436 ἀὔτ’
747 1399 788 1435 ἂν
808 1395 922 1446 ἥβης,
946 1397 1045 1447 εἴπερ
1066 1393 1125 1445 ἧν,
1149 1390 1248 1447 εἶχεν
1270 1397 1425 1448 μέτρι’).

225 1504 454 1556 Hucusque
487 1504 661 1555 scriptor
695 1503 772 1541 sibi
807 1503 894 1554 ipse
931 1502 1107 1540 modum
1142 1502 1183 1539 in
1225 1502 1304 1540 hoc
1343 1500 1581 1540 adhibendo
1620 1499 1795 1539 artificio

174 1570 390 1623 imposuit.
421 1570 571 1609 Contra
598 1581 716 1608 versu
742 1569 817 1620 357

542 1665 585 1704 Τί
605 1664 652 1715 δ’,
676 1664 706 1704 εἰ
726 1664 849 1716 λάθρᾳ
868 1678 920 1703 νιν
941 1663 1085 1713 Φεῖβες
1105 1663 1269 1716 ἐκτρέφει
1292 1659 1422 1711 >afim
1437 1662 1478 1709 33

172 1783 314 1818 nostro
332 1777 503 1829 quidem
519 1776 694 1828 judicio,
718 1775 1062 1826 intemperantius
1083 1787 1185 1812 usus
1212 1779 1284 1812 est.
1316 1775 1484 1825 Semper
1511 1773 1623 1812 enim
1655 1773 1797 1812 memi-

173 1846 283 1884 nisse
311 1845 512 1884 debemus
541 1843 607 1881 dei
637 1854 816 1886 servum,
850 1854 932 1880 non
963 1841 1181 1880 fatidicum
1210 1841 1351 1892 ipsum
1378 1840 1505 1879 deum
1524 1840 1655 1890 loqui,
1679 1840 1793 1891 quod

173 1910 391 1961 Euripides
417 1909 460 1947 in
487 1921 534 1947 eo
560 1909 651 1947 loco
677 1907 865 1946 oblivisci
891 1907 1067 1946 videtur.

226 1976 451 2027 Postquam
471 1975 685 2013 consessus
712 1978 772 2012 cst
797 1973 1040 2012 adulescens
1067 1977 1219 2011 sortem
1244 1972 1403 2015 matris,
1433 1984 1561 2023 quam
1590 1971 1668 2010 sibi
1696 1971 1794 2010 ami-

172 2054 264 2082 cam
299 2054 387 2081 esse
419 2041 571 2080 Creusa
597 2040 713 2084 dixit,
743 2052 841 2079 suae
867 2039 1047 2078 similem
1073 2052 1173 2083 esse,
1205 2043 1295 2077 tum
1315 2038 1469 2078 Creusa
1490 2038 1581 2089 ipsa
1603 2050 1687 2077 non
1711 2037 1800 2076 sine

173 2107 345 2159 quidem
371 2119 524 2158 magna
551 2105 729 2145 sollertia
751 2118 758 2143 :

565 2204 574 2213 ν
604 2202 610 2213 x
661 2203 669 2213 9
715 2201 732 2213 τ
760 2200 796 2213 ur
828 2199 838 2213 ν
895 2199 912 2212 2*
1088 2204 1094 2213 ι
1122 2201 1131 2216 ,
1161 2201 1169 2213 n
1231 2202 1238 2211 ι
1397 2204 1414 2211 .,

547 2205 616 2242 hou
639 2217 659 2241 ς
677 2235 686 2252 ‚
709 2218 738 2241 ω
759 2216 818 2250 ςεν
842 2232 852 2251 ,
876 2216 979 2252 οιμαι
1003 2216 1118 2255 μητερ
1151 2202 1284 2241 αθλιαν
1305 2198 1477 2240 moewls.

227 2315 435 2366 Quoniam
454 2326 685 2367 pronomen
707 2317 747 2355 σέ
766 2318 850 2353 tam
871 2318 979 2353 reete
998 2326 1126 2365 quam
1147 2325 1300 2352 nomen
1322 2312 1633 2352 substantivum
1652 2315 1799 2365 μητὲρκ

174 2393 272 2420 cum
292 2380 498 2419 infinitivo
518 2382 643 2420 ποθεῖν
664 2379 943 2430 conjunxeris,
962 2379 1212 2417 nominatim
1228 2378 1407 2429 proferre
1423 2382 1563 2416 noster
1577 2377 1794 2417 abstinuit.

175 2450 318 2485 utrum
347 2451 469 2486 natus
499 2450 688 2489 matrem,
720 2457 772 2484 an
808 2449 939 2484 mater
974 2449 1120 2483 natum
1154 2456 1376 2494 agnoscere
1408 2448 1590 2494 cuperet,
1627 2442 1794 2482 dicendi

175 2510 375 2550 rationem
396 2511 583 2550 imitatus
598 2523 727 2561 quam
747 2510 789 2548 in
809 2510 1013 2561 Apollinis
1033 2510 1201 2548 oraculo
1221 2522 1355 2560 nuper
1375 2509 1613 2548 invenimus
1626 2509 1659 2546 5.

228 2576 415 2628 Denique
453 2576 632 2616 declarat
666 2576 812 2627 junior
849 2575 975 2614 deum
1019 2575 1195 2614 Creusae
1238 2575 1508 2625 interroganti
1554 2574 1659 2613 nihil
1703 2586 1792 2613 esse

176 2654 495 2694 responsurum3
525 2647 616 2681 tum
643 2646 774 2680 mater
799 2641 1106 2680 infelicissima:

554 2742 771 2795 Ἀλγύνεται
792 2743 831 2783 δέ
850 2743 912 2794 (ἦ
932 2745 1097 2783 mosam
1115 2750 1161 2797 τῇ
1183 2744 1278 2796 τύχῃ
1291 2742 1322 2779 ⁶¹

238 2847 263 2868 ι.
290 2836 375 2871 Ion..
394 2836 464 2867 325.

252 2909 258 2915 .
283 2885 411 2923 Ibidem,
428 2885 499 2921 354.

253 2957 260 2964 .
284 2932 413 2969 Ibidem,
432 2932 503 2972 357.

282 2979 412 3019 Ibidem,
430 2978 501 3011 360.

284 3027 400 3067 Supra,
417 3037 452 3068 p.
475 3037 501 3057 x.

285 3074 369 3113 Ion„
387 3074 458 3106 368.

229 2896 259 3106 §sewu

2368 0 2394 113 «θυεε-
