<?xml version="1.0" encoding="UTF-8"?>
<!DOCTYPE html PUBLIC "-//W3C//DTD XHTML 1.0 Transitional//EN"
    "http://www.w3.org/TR/xhtml1/DTD/xhtml1-transitional.dtd">
<html xmlns="http://www.w3.org/1999/xhtml" xml:lang="en" lang="en">
 <head>
  <title>
</title>
<meta http-equiv="Content-Type" content="text/html;charset=utf-8" />
  <meta name='ocr-system' content='tesseract 3.04.00' />
  <meta name='ocr-capabilities' content='ocr_page ocr_carea ocr_par ocr_line ocrx_word'/>
</head>
<body>
  <div class='ocr_page' id='page_1' title='image "./detragicaambigui00masquoft_0050.png"; bbox 0 0 2394 3660; ppageno 0'>
   <div class='ocr_carea' id='block_1_1' title="bbox 435 143 1716 184">
    <p class='ocr_par' dir='ltr' id='par_1_1' title="bbox 435 143 1716 184">
     <span class='ocr_line' id='line_1_1' title="bbox 435 143 1716 184; baseline -0.001 -1"><span class='ocrx_word' id='word_1_1' title='bbox 435 143 484 184; x_wconf 62' lang='lat'>[⁸6</span> <span class='ocrx_word' id='word_1_2' title='bbox 763 155 815 181; x_wconf 79' lang='lat' dir='ltr'>DE</span> <span class='ocrx_word' id='word_1_3' title='bbox 843 156 1017 182; x_wconf 76' lang='lat' dir='ltr'><strong>TRAGICA</strong></span> <span class='ocrx_word' id='word_1_4' title='bbox 1044 156 1318 182; x_wconf 77' lang='lat' dir='ltr'>AMBIGUITATE</span> <span class='ocrx_word' id='word_1_5' title='bbox 1346 156 1453 182; x_wconf 78' lang='lat' dir='ltr'>APUD</span> <span class='ocrx_word' id='word_1_6' title='bbox 1482 157 1716 184; x_wconf 78' lang='lat' dir='ltr'><strong>EURIPIDEM.</strong></span> 
     </span>
    </p>
   </div>
   <div class='ocr_carea' id='block_1_2' title="bbox 433 242 2046 361">
    <p class='ocr_par' dir='ltr' id='par_1_2' title="bbox 433 242 2046 361">
     <span class='ocr_line' id='line_1_2' title="bbox 433 242 2046 296; baseline 0.002 -14"><span class='ocrx_word' id='word_1_7' title='bbox 433 245 606 285; x_wconf 87' lang='lat' dir='ltr'>voluerit</span> <span class='ocrx_word' id='word_1_8' title='bbox 631 245 804 296; x_wconf 87' lang='lat' dir='ltr'>scriptor</span> <span class='ocrx_word' id='word_1_9' title='bbox 828 245 947 289; x_wconf 88' lang='lat' dir='ltr'>effici,</span> <span class='ocrx_word' id='word_1_10' title='bbox 965 242 1221 294; x_wconf 84' lang='lat' dir='ltr'>jamdudum</span> <span class='ocrx_word' id='word_1_11' title='bbox 1244 243 1556 295; x_wconf 82' lang='lat' dir='ltr'>perspiceretur.</span> <span class='ocrx_word' id='word_1_12' title='bbox 1579 243 1717 284; x_wconf 87' lang='lat' dir='ltr'>Justas</span> <span class='ocrx_word' id='word_1_13' title='bbox 1737 248 1878 284; x_wconf 85' lang='lat' dir='ltr'>contra</span> <span class='ocrx_word' id='word_1_14' title='bbox 1897 246 2046 296; x_wconf 83' lang='lat' dir='ltr'>gratias</span> 
     </span>
     <span class='ocr_line' id='line_1_3' title="bbox 433 308 1529 361; baseline -0.003 -12"><span class='ocrx_word' id='word_1_15' title='bbox 433 310 470 349; x_wconf 89' lang='lat' dir='ltr'>ei</span> <span class='ocrx_word' id='word_1_16' title='bbox 488 310 688 361; x_wconf 82' lang='lat' dir='ltr'>Tyndaris</span> <span class='ocrx_word' id='word_1_17' title='bbox 708 310 806 360; x_wconf 85' lang='lat' dir='ltr'>agit,</span> <span class='ocrx_word' id='word_1_18' title='bbox 825 309 899 360; x_wconf 91' lang='lat' dir='ltr'>qui</span> <span class='ocrx_word' id='word_1_19' title='bbox 919 321 961 348; x_wconf 93' lang='lat' dir='ltr'>se</span> <span class='ocrx_word' id='word_1_20' title='bbox 980 313 1065 348; x_wconf 87' lang='lat' dir='ltr'>tam</span> <span class='ocrx_word' id='word_1_21' title='bbox 1085 308 1247 348; x_wconf 85' lang='lat' dir='ltr'>facilem</span> <span class='ocrx_word' id='word_1_22' title='bbox 1265 308 1501 360; x_wconf 84' lang='lat' dir='ltr'>praebuerit</span> <span class='ocrx_word' id='word_1_23' title='bbox 1521 322 1529 346; x_wconf 90' lang='lat'>:</span> 
     </span>
    </p>
   </div>
   <div class='ocr_carea' id='block_1_3' title="bbox 771 407 1593 460">
    <p class='ocr_par' dir='ltr' id='par_1_3' title="bbox 771 407 1593 460">
     <span class='ocr_line' id='line_1_4' title="bbox 771 407 1593 460; baseline -0.004 -10"><span class='ocrx_word' id='word_1_24' title='bbox 771 407 918 459; x_wconf 78' lang='grc' dir='ltr'>”Οναιο,</span> <span class='ocrx_word' id='word_1_25' title='bbox 941 409 1050 460; x_wconf 75' lang='grc' dir='ltr'>κάγὼ</span> <span class='ocrx_word' id='word_1_26' title='bbox 1070 415 1142 450; x_wconf 76' lang='grc' dir='ltr'>τῶν</span> <span class='ocrx_word' id='word_1_27' title='bbox 1164 409 1262 460; x_wconf 73' lang='grc' dir='ltr'>ἐμῶν</span> <span class='ocrx_word' id='word_1_28' title='bbox 1286 409 1550 460; x_wconf 76' lang='grc' dir='ltr'>βουλευμάτων</span> <span class='ocrx_word' id='word_1_29' title='bbox 1566 421 1593 447; x_wconf 93' lang='lat'>¹.</span> 
     </span>
    </p>
   </div>
   <div class='ocr_carea' id='block_1_4' title="bbox 432 520 2045 636">
    <p class='ocr_par' dir='ltr' id='par_1_4' title="bbox 432 520 2045 636">
     <span class='ocr_line' id='line_1_5' title="bbox 485 520 2045 572; baseline 0.001 -11"><span class='ocrx_word' id='word_1_30' title='bbox 485 522 592 561; x_wconf 90' lang='lat' dir='ltr'>Tum</span> <span class='ocrx_word' id='word_1_31' title='bbox 622 522 670 566; x_wconf 86' lang='lat' dir='ltr'>is,</span> <span class='ocrx_word' id='word_1_32' title='bbox 702 521 770 560; x_wconf 87' lang='lat' dir='ltr'>cui</span> <span class='ocrx_word' id='word_1_33' title='bbox 799 520 969 572; x_wconf 87' lang='lat' dir='ltr'>quidem</span> <span class='ocrx_word' id='word_1_34' title='bbox 1001 520 1218 571; x_wconf 88' lang='lat' dir='ltr'>Euripides</span> <span class='ocrx_word' id='word_1_35' title='bbox 1254 521 1563 572; x_wconf 83' lang='lat' dir='ltr'>aliquantulum</span> <span class='ocrx_word' id='word_1_36' title='bbox 1595 533 1762 572; x_wconf 84' lang='lat' dir='ltr'>parcere</span> <span class='ocrx_word' id='word_1_37' title='bbox 1794 521 1953 569; x_wconf 82' lang='lat' dir='ltr'>debuit,</span> <span class='ocrx_word' id='word_1_38' title='bbox 1988 523 2045 562; x_wconf 91' lang='lat' dir='ltr'>in-</span> 
     </span>
     <span class='ocr_line' id='line_1_6' title="bbox 432 585 1765 636; baseline 0 -12"><span class='ocrx_word' id='word_1_39' title='bbox 432 598 565 636; x_wconf 86' lang='lat' dir='ltr'>genue</span> <span class='ocrx_word' id='word_1_40' title='bbox 585 586 773 625; x_wconf 85' lang='lat' dir='ltr'>hortatur</span> <span class='ocrx_word' id='word_1_41' title='bbox 793 597 898 632; x_wconf 86' lang='lat' dir='ltr'>eam,</span> <span class='ocrx_word' id='word_1_42' title='bbox 920 590 968 624; x_wconf 90' lang='lat' dir='ltr'>ut</span> <span class='ocrx_word' id='word_1_43' title='bbox 985 585 1167 625; x_wconf 84' lang='lat' dir='ltr'>lacrimis</span> <span class='ocrx_word' id='word_1_44' title='bbox 1187 597 1338 636; x_wconf 91' lang='lat' dir='ltr'>corpus</span> <span class='ocrx_word' id='word_1_45' title='bbox 1358 585 1559 625; x_wconf 87' lang='lat' dir='ltr'>conficere</span> <span class='ocrx_word' id='word_1_46' title='bbox 1577 585 1739 626; x_wconf 89' lang='lat' dir='ltr'>desinat</span> <span class='ocrx_word' id='word_1_47' title='bbox 1756 598 1765 624; x_wconf 88' lang='lat'>:</span> 
     </span>
    </p>
   </div>
   <div class='ocr_carea' id='block_1_5' title="bbox 774 685 1645 740">
    <p class='ocr_par' dir='ltr' id='par_1_5' title="bbox 774 685 1645 740">
     <span class='ocr_line' id='line_1_7' title="bbox 774 685 1645 740; baseline -0.001 -14"><span class='ocrx_word' id='word_1_48' title='bbox 774 686 835 736; x_wconf 84' lang='grc' dir='ltr'>Μὴ</span> <span class='ocrx_word' id='word_1_49' title='bbox 855 689 914 725; x_wconf 75' lang='grc' dir='ltr'>νῦν</span> <span class='ocrx_word' id='word_1_50' title='bbox 935 685 1030 737; x_wconf 81' lang='grc' dir='ltr'>ἄγαν</span> <span class='ocrx_word' id='word_1_51' title='bbox 1053 687 1113 726; x_wconf 63' lang='lat' dir='ltr'>obv</span> <span class='ocrx_word' id='word_1_52' title='bbox 1134 686 1306 740; x_wconf 71' lang='grc' dir='ltr'>δάκρυσιν</span> <span class='ocrx_word' id='word_1_53' title='bbox 1328 685 1487 740; x_wconf 77' lang='grc' dir='ltr'>ἐκτήξῃς</span> <span class='ocrx_word' id='word_1_54' title='bbox 1506 688 1645 740; x_wconf 56' lang='grc' dir='ltr'>χρέαθ.</span> 
     </span>
    </p>
   </div>
   <div class='ocr_carea' id='block_1_6' title="bbox 482 786 1574 913">
    <p class='ocr_par' dir='ltr' id='par_1_6' title="bbox 482 786 1574 913">
     <span class='ocr_line' id='line_1_8' title="bbox 482 786 764 827; baseline -0.011 0"><span class='ocrx_word' id='word_1_55' title='bbox 482 788 559 827; x_wconf 93' lang='lat' dir='ltr'>Cui</span> <span class='ocrx_word' id='word_1_56' title='bbox 585 786 764 826; x_wconf 86' lang='lat' dir='ltr'>Helena:</span> 
     </span>
     <span class='ocr_line' id='line_1_9' title="bbox 769 858 1574 913; baseline -0.001 -15"><span class='ocrx_word' id='word_1_57' title='bbox 769 858 853 898; x_wconf 63' lang='lat' dir='ltr'>‘&#39;HB’</span> <span class='ocrx_word' id='word_1_58' title='bbox 875 860 999 911; x_wconf 75' lang='grc' dir='ltr'>ἡμέρα</span> <span class='ocrx_word' id='word_1_59' title='bbox 1020 859 1159 908; x_wconf 46' lang='grc' dir='ltr'>σοι’τὴν</span> <span class='ocrx_word' id='word_1_60' title='bbox 1181 860 1272 908; x_wconf 79' lang='grc' dir='ltr'>ἐμὴν</span> <span class='ocrx_word' id='word_1_61' title='bbox 1294 858 1402 907; x_wconf 69' lang='grc' dir='ltr'>δείξει</span> <span class='ocrx_word' id='word_1_62' title='bbox 1422 859 1574 913; x_wconf 72' lang='grc' dir='ltr'>χάρινὸ.</span> 
     </span>
    </p>
   </div>
   <div class='ocr_carea' id='block_1_7' title="bbox 428 970 2046 1282">
    <p class='ocr_par' dir='ltr' id='par_1_7' title="bbox 428 970 2046 1282">
     <span class='ocr_line' id='line_1_10' title="bbox 483 970 2046 1024; baseline 0.002 -16"><span class='ocrx_word' id='word_1_63' title='bbox 483 970 671 1009; x_wconf 85' lang='lat' dir='ltr'>Affirmat</span> <span class='ocrx_word' id='word_1_64' title='bbox 691 970 839 1010; x_wconf 91' lang='lat' dir='ltr'>deinde</span> <span class='ocrx_word' id='word_1_65' title='bbox 861 983 928 1010; x_wconf 87' lang='lat' dir='ltr'>rex</span> <span class='ocrx_word' id='word_1_66' title='bbox 947 970 1148 1010; x_wconf 86' lang='lat' dir='ltr'>barbarus</span> <span class='ocrx_word' id='word_1_67' title='bbox 1170 971 1289 1010; x_wconf 89' lang='lat' dir='ltr'>nihili</span> <span class='ocrx_word' id='word_1_68' title='bbox 1310 984 1396 1011; x_wconf 88' lang='lat' dir='ltr'>esse</span> <span class='ocrx_word' id='word_1_69' title='bbox 1416 984 1479 1010; x_wconf 92' lang='lat' dir='ltr'>res</span> <span class='ocrx_word' id='word_1_70' title='bbox 1500 977 1777 1018; x_wconf 85' lang='lat' dir='ltr'>mortuorum,</span> <span class='ocrx_word' id='word_1_71' title='bbox 1800 974 2046 1024; x_wconf 89' lang='lat' dir='ltr'>cultumque</span> 
     </span>
     <span class='ocr_line' id='line_1_11' title="bbox 430 1035 2045 1089; baseline 0.001 -16"><span class='ocrx_word' id='word_1_72' title='bbox 430 1039 468 1073; x_wconf 87' lang='lat' dir='ltr'>et</span> <span class='ocrx_word' id='word_1_73' title='bbox 489 1035 666 1074; x_wconf 91' lang='lat' dir='ltr'>honores</span> <span class='ocrx_word' id='word_1_74' title='bbox 686 1035 743 1074; x_wconf 89' lang='lat' dir='ltr'>eis</span> <span class='ocrx_word' id='word_1_75' title='bbox 764 1035 975 1075; x_wconf 89' lang='lat' dir='ltr'>incassum</span> <span class='ocrx_word' id='word_1_76' title='bbox 997 1036 1111 1074; x_wconf 70' lang='lat' dir='ltr'>solvi.</span> <span class='ocrx_word' id='word_1_77' title='bbox 1137 1036 1223 1074; x_wconf 92' lang='lat' dir='ltr'>Hoc</span> <span class='ocrx_word' id='word_1_78' title='bbox 1245 1036 1394 1075; x_wconf 89' lang='lat' dir='ltr'>iterum</span> <span class='ocrx_word' id='word_1_79' title='bbox 1415 1037 1467 1075; x_wconf 88' lang='lat' dir='ltr'>ad</span> <span class='ocrx_word' id='word_1_80' title='bbox 1486 1049 1532 1075; x_wconf 88' lang='lat' dir='ltr'>ea</span> <span class='ocrx_word' id='word_1_81' title='bbox 1551 1037 1674 1076; x_wconf 76' lang='lat' dir='ltr'>verba</span> <span class='ocrx_word' id='word_1_82' title='bbox 1701 1042 1869 1089; x_wconf 89' lang='lat' dir='ltr'>spectat,</span> <span class='ocrx_word' id='word_1_83' title='bbox 1891 1037 2045 1089; x_wconf 91' lang='lat' dir='ltr'>quibus</span> 
     </span>
     <span class='ocr_line' id='line_1_12' title="bbox 429 1101 2045 1153; baseline 0.001 -14"><span class='ocrx_word' id='word_1_84' title='bbox 429 1101 653 1139; x_wconf 81' lang='lat' dir='ltr'>Lacaenam</span> <span class='ocrx_word' id='word_1_85' title='bbox 696 1101 906 1145; x_wconf 78' lang='lat' dir='ltr'>deterruit,</span> <span class='ocrx_word' id='word_1_86' title='bbox 949 1114 999 1140; x_wconf 92' lang='lat' dir='ltr'>ne</span> <span class='ocrx_word' id='word_1_87' title='bbox 1039 1102 1283 1141; x_wconf 85' lang='lat' dir='ltr'>defunctum</span> <span class='ocrx_word' id='word_1_88' title='bbox 1318 1102 1455 1140; x_wconf 73' lang='lat' dir='ltr'>virum</span> <span class='ocrx_word' id='word_1_89' title='bbox 1497 1103 1668 1153; x_wconf 85' lang='lat' dir='ltr'>lugeret.</span> <span class='ocrx_word' id='word_1_90' title='bbox 1708 1103 1864 1142; x_wconf 84' lang='lat' dir='ltr'>Perside</span> <span class='ocrx_word' id='word_1_91' title='bbox 1906 1108 2045 1142; x_wconf 87' lang='lat' dir='ltr'>autem</span> 
     </span>
     <span class='ocr_line' id='line_1_13' title="bbox 429 1167 2044 1215; baseline 0.001 -11"><span class='ocrx_word' id='word_1_92' title='bbox 429 1167 639 1205; x_wconf 76' lang='lat' dir='ltr'>contendit</span> <span class='ocrx_word' id='word_1_93' title='bbox 668 1167 836 1205; x_wconf 80' lang='lat' dir='ltr'>Menelai</span> <span class='ocrx_word' id='word_1_94' title='bbox 869 1180 971 1205; x_wconf 71' lang='lat' dir='ltr'>uxor</span> <span class='ocrx_word' id='word_1_95' title='bbox 997 1179 1037 1204; x_wconf 80' lang='lat' dir='ltr'>se</span> <span class='ocrx_word' id='word_1_96' title='bbox 1068 1179 1150 1205; x_wconf 84' lang='lat' dir='ltr'>non</span> <span class='ocrx_word' id='word_1_97' title='bbox 1185 1172 1348 1205; x_wconf 76' lang='lat' dir='ltr'>tantum</span> <span class='ocrx_word' id='word_1_98' title='bbox 1379 1171 1564 1206; x_wconf 87' lang='lat' dir='ltr'>mortuos</span> <span class='ocrx_word' id='word_1_99' title='bbox 1591 1168 1795 1215; x_wconf 90' lang='lat' dir='ltr'>homines,</span> <span class='ocrx_word' id='word_1_100' title='bbox 1825 1168 1896 1208; x_wconf 89' lang='lat' dir='ltr'>sed</span> <span class='ocrx_word' id='word_1_101' title='bbox 1921 1169 2044 1208; x_wconf 83' lang='lat' dir='ltr'>etiam</span> 
     </span>
     <span class='ocr_line' id='line_1_14' title="bbox 428 1231 1851 1282; baseline 0.001 -13"><span class='ocrx_word' id='word_1_102' title='bbox 428 1242 496 1269; x_wconf 87' lang='lat' dir='ltr'>eos</span> <span class='ocrx_word' id='word_1_103' title='bbox 517 1231 587 1282; x_wconf 87' lang='lat' dir='ltr'>qui</span> <span class='ocrx_word' id='word_1_104' title='bbox 609 1231 747 1270; x_wconf 87' lang='lat' dir='ltr'>adhuc</span> <span class='ocrx_word' id='word_1_105' title='bbox 766 1232 847 1270; x_wconf 75' lang='lat' dir='ltr'>vita</span> <span class='ocrx_word' id='word_1_106' title='bbox 868 1232 1078 1277; x_wconf 78' lang='lat' dir='ltr'>fruuntur,</span> <span class='ocrx_word' id='word_1_107' title='bbox 1102 1244 1257 1270; x_wconf 87' lang='lat' dir='ltr'>curare.</span> <span class='ocrx_word' id='word_1_108' title='bbox 1282 1231 1402 1280; x_wconf 88' lang='lat' dir='ltr'>Quod</span> <span class='ocrx_word' id='word_1_109' title='bbox 1423 1232 1476 1270; x_wconf 79' lang='lat' dir='ltr'>ita</span> <span class='ocrx_word' id='word_1_110' title='bbox 1497 1244 1639 1282; x_wconf 87' lang='lat' dir='ltr'>graece</span> <span class='ocrx_word' id='word_1_111' title='bbox 1656 1233 1825 1272; x_wconf 75' lang='lat' dir='ltr'>vertitur</span> <span class='ocrx_word' id='word_1_112' title='bbox 1843 1246 1851 1271; x_wconf 92' lang='lat'>:</span> 
     </span>
    </p>
   </div>
   <div class='ocr_carea' id='block_1_8' title="bbox 769 1330 1582 1385">
    <p class='ocr_par' dir='ltr' id='par_1_8' title="bbox 769 1330 1582 1385">
     <span class='ocr_line' id='line_1_15' title="bbox 769 1330 1582 1385; baseline 0.002 -14"><span class='ocrx_word' id='word_1_113' title='bbox 769 1332 898 1372; x_wconf 73' lang='grc' dir='ltr'><strong>’Έςτιν</strong></span> <span class='ocrx_word' id='word_1_114' title='bbox 919 1347 951 1372; x_wconf 81' lang='grc' dir='ltr'>τι</span> <span class='ocrx_word' id='word_1_115' title='bbox 972 1333 1083 1372; x_wconf 73' lang='grc' dir='ltr'>κάκεῖ</span> <span class='ocrx_word' id='word_1_116' title='bbox 1101 1333 1251 1372; x_wconf 75' lang='grc' dir='ltr'>κάνθάδ’</span> <span class='ocrx_word' id='word_1_117' title='bbox 1265 1330 1314 1372; x_wconf 71' lang='grc' dir='ltr'>ὧν</span> <span class='ocrx_word' id='word_1_118' title='bbox 1336 1333 1413 1384; x_wconf 79' lang='grc' dir='ltr'>ἐγὼ</span> <span class='ocrx_word' id='word_1_119' title='bbox 1434 1333 1582 1385; x_wconf 64' lang='grc' dir='ltr'>λε’γωῑῑ.</span> 
     </span>
    </p>
   </div>
   <div class='ocr_carea' id='block_1_9' title="bbox 429 1444 2043 1626">
    <p class='ocr_par' dir='ltr' id='par_1_9' title="bbox 429 1444 2043 1626">
     <span class='ocr_line' id='line_1_16' title="bbox 482 1444 2043 1496; baseline 0.001 -13"><span class='ocrx_word' id='word_1_120' title='bbox 482 1444 610 1483; x_wconf 74' lang='lat' dir='ltr'>Nemo</span> <span class='ocrx_word' id='word_1_121' title='bbox 640 1457 722 1483; x_wconf 91' lang='lat' dir='ltr'>non</span> <span class='ocrx_word' id='word_1_122' title='bbox 753 1444 863 1483; x_wconf 71' lang='lat' dir='ltr'>videt</span> <span class='ocrx_word' id='word_1_123' title='bbox 898 1450 1156 1496; x_wconf 78' lang='lat' dir='ltr'>praesentem</span> <span class='ocrx_word' id='word_1_124' title='bbox 1189 1445 1327 1483; x_wconf 77' lang='lat' dir='ltr'>virum</span> <span class='ocrx_word' id='word_1_125' title='bbox 1366 1445 1421 1484; x_wconf 80' lang='lat' dir='ltr'>ita</span> <span class='ocrx_word' id='word_1_126' title='bbox 1457 1445 1678 1495; x_wconf 85' lang='lat' dir='ltr'>designari.</span> <span class='ocrx_word' id='word_1_127' title='bbox 1717 1445 1800 1484; x_wconf 81' lang='lat' dir='ltr'>Rex</span> <span class='ocrx_word' id='word_1_128' title='bbox 1834 1458 1927 1486; x_wconf 87' lang='lat' dir='ltr'>vero</span> <span class='ocrx_word' id='word_1_129' title='bbox 1965 1445 2043 1486; x_wconf 88' lang='lat' dir='ltr'>sibi</span> 
     </span>
     <span class='ocr_line' id='line_1_17' title="bbox 429 1498 2038 1562; baseline 0.002 -15"><span class='ocrx_word' id='word_1_130' title='bbox 429 1510 549 1560; x_wconf 84' lang='lat' dir='ltr'>fingit</span> <span class='ocrx_word' id='word_1_131' title='bbox 572 1509 614 1547; x_wconf 94' lang='lat' dir='ltr'>in</span> <span class='ocrx_word' id='word_1_132' title='bbox 635 1509 775 1548; x_wconf 88' lang='lat' dir='ltr'>animo</span> <span class='ocrx_word' id='word_1_133' title='bbox 796 1522 962 1548; x_wconf 78' lang='lat' dir='ltr'>versum</span> <span class='ocrx_word' id='word_1_134' title='bbox 983 1498 1033 1548; x_wconf 77' lang='lat' dir='ltr'>ad</span> <span class='ocrx_word' id='word_1_135' title='bbox 1055 1523 1097 1548; x_wconf 87' lang='lat' dir='ltr'>se</span> <span class='ocrx_word' id='word_1_136' title='bbox 1118 1515 1312 1561; x_wconf 82' lang='lat' dir='ltr'>spectare.</span> <span class='ocrx_word' id='word_1_137' title='bbox 1337 1515 1374 1549; x_wconf 88' lang='lat' dir='ltr'>et</span> <span class='ocrx_word' id='word_1_138' title='bbox 1394 1511 1612 1549; x_wconf 89' lang='lat' dir='ltr'>mulierem</span> <span class='ocrx_word' id='word_1_139' title='bbox 1633 1522 1817 1549; x_wconf 87' lang='lat' dir='ltr'>amorem</span> <span class='ocrx_word' id='word_1_140' title='bbox 1843 1511 2038 1562; x_wconf 84' lang='lat' dir='ltr'>profiteri.</span> 
     </span>
     <span class='ocr_line' id='line_1_18' title="bbox 429 1574 1917 1626; baseline 0 -13"><span class='ocrx_word' id='word_1_141' title='bbox 429 1574 636 1613; x_wconf 88' lang='lat' dir='ltr'>Continuo</span> <span class='ocrx_word' id='word_1_142' title='bbox 658 1579 827 1614; x_wconf 88' lang='lat' dir='ltr'>testatur</span> <span class='ocrx_word' id='word_1_143' title='bbox 847 1587 888 1613; x_wconf 91' lang='lat' dir='ltr'>se</span> <span class='ocrx_word' id='word_1_144' title='bbox 908 1575 943 1613; x_wconf 92' lang='lat' dir='ltr'>ei</span> <span class='ocrx_word' id='word_1_145' title='bbox 964 1575 1186 1626; x_wconf 79' lang='lat' dir='ltr'>conjugem</span> <span class='ocrx_word' id='word_1_146' title='bbox 1205 1576 1303 1620; x_wconf 84' lang='lat' dir='ltr'>sore,</span> <span class='ocrx_word' id='word_1_147' title='bbox 1327 1575 1430 1613; x_wconf 89' lang='lat' dir='ltr'>nihil</span> <span class='ocrx_word' id='word_1_148' title='bbox 1451 1575 1635 1614; x_wconf 83' lang='lat' dir='ltr'>Menelao</span> <span class='ocrx_word' id='word_1_149' title='bbox 1655 1575 1888 1615; x_wconf 86' lang='lat' dir='ltr'>inferiorem</span> <span class='ocrx_word' id='word_1_150' title='bbox 1909 1589 1917 1613; x_wconf 74' lang='grc' dir='ltr'><em>τ</em></span> 
     </span>
    </p>
   </div>
   <div class='ocr_carea' id='block_1_10' title="bbox 770 1680 1562 1733">
    <p class='ocr_par' dir='ltr' id='par_1_10' title="bbox 770 1680 1562 1733">
     <span class='ocr_line' id='line_1_19' title="bbox 770 1680 1562 1733; baseline -0.001 -11"><span class='ocrx_word' id='word_1_151' title='bbox 770 1682 883 1723; x_wconf 72' lang='grc' dir='ltr'>Οὐδὲν</span> <span class='ocrx_word' id='word_1_152' title='bbox 903 1684 1024 1721; x_wconf 70' lang='grc' dir='ltr'>κακίω</span> <span class='ocrx_word' id='word_1_153' title='bbox 1045 1680 1221 1723; x_wconf 75' lang='grc' dir='ltr'>Μενέλεώ</span> <span class='ocrx_word' id='word_1_154' title='bbox 1244 1682 1282 1733; x_wconf 86' lang='grc' dir='ltr'>μ’</span> <span class='ocrx_word' id='word_1_155' title='bbox 1301 1681 1395 1731; x_wconf 78' lang='grc' dir='ltr'>ἕξεις</span> <span class='ocrx_word' id='word_1_156' title='bbox 1416 1685 1517 1722; x_wconf 74' lang='grc' dir='ltr'>πέσιν</span> <span class='ocrx_word' id='word_1_157' title='bbox 1531 1683 1562 1721; x_wconf 87' lang='lat'>5.</span> 
     </span>
    </p>
   </div>
   <div class='ocr_carea' id='block_1_11' title="bbox 429 1794 2040 1914">
    <p class='ocr_par' dir='ltr' id='par_1_11' title="bbox 429 1794 2040 1914">
     <span class='ocr_line' id='line_1_20' title="bbox 481 1794 2040 1846; baseline 0.001 -14"><span class='ocrx_word' id='word_1_158' title='bbox 481 1794 656 1833; x_wconf 89' lang='lat' dir='ltr'>Versum</span> <span class='ocrx_word' id='word_1_159' title='bbox 682 1795 796 1834; x_wconf 89' lang='lat' dir='ltr'>dicas</span> <span class='ocrx_word' id='word_1_160' title='bbox 825 1807 912 1834; x_wconf 90' lang='lat' dir='ltr'>esse</span> <span class='ocrx_word' id='word_1_161' title='bbox 940 1795 1240 1846; x_wconf 78' lang='lat' dir='ltr'>Aristophanis.</span> <span class='ocrx_word' id='word_1_162' title='bbox 1274 1796 1381 1834; x_wconf 92' lang='lat' dir='ltr'>Tum</span> <span class='ocrx_word' id='word_1_163' title='bbox 1411 1796 1565 1834; x_wconf 88' lang='lat' dir='ltr'>Helena</span> <span class='ocrx_word' id='word_1_164' title='bbox 1594 1795 1649 1834; x_wconf 88' lang='lat' dir='ltr'>ait</span> <span class='ocrx_word' id='word_1_165' title='bbox 1679 1808 1721 1834; x_wconf 92' lang='lat' dir='ltr'>se</span> <span class='ocrx_word' id='word_1_166' title='bbox 1746 1795 1851 1834; x_wconf 90' lang='lat' dir='ltr'>nihil</span> <span class='ocrx_word' id='word_1_167' title='bbox 1877 1795 2040 1840; x_wconf 86' lang='lat' dir='ltr'>habere,</span> 
     </span>
     <span class='ocr_line' id='line_1_21' title="bbox 429 1860 1803 1914; baseline 0.001 -17"><span class='ocrx_word' id='word_1_168' title='bbox 429 1860 541 1910; x_wconf 90' lang='lat' dir='ltr'>quod</span> <span class='ocrx_word' id='word_1_169' title='bbox 568 1860 603 1898; x_wconf 90' lang='lat' dir='ltr'>ei</span> <span class='ocrx_word' id='word_1_170' title='bbox 631 1860 858 1910; x_wconf 86' lang='lat' dir='ltr'>exprobret,</span> <span class='ocrx_word' id='word_1_171' title='bbox 888 1861 1051 1899; x_wconf 80' lang='lat' dir='ltr'>fortuna</span> <span class='ocrx_word' id='word_1_172' title='bbox 1078 1861 1236 1899; x_wconf 85' lang='lat' dir='ltr'>favente</span> <span class='ocrx_word' id='word_1_173' title='bbox 1264 1861 1342 1898; x_wconf 91' lang='lat' dir='ltr'>sibi</span> <span class='ocrx_word' id='word_1_174' title='bbox 1370 1865 1532 1914; x_wconf 83' lang='lat' dir='ltr'>tantum</span> <span class='ocrx_word' id='word_1_175' title='bbox 1558 1872 1663 1911; x_wconf 91' lang='lat' dir='ltr'>opus</span> <span class='ocrx_word' id='word_1_176' title='bbox 1690 1872 1803 1899; x_wconf 91' lang='lat' dir='ltr'>esse:</span> 
     </span>
    </p>
   </div>
   <div class='ocr_carea' id='block_1_12' title="bbox 769 1961 1694 2014">
    <p class='ocr_par' dir='ltr' id='par_1_12' title="bbox 769 1961 1694 2014">
     <span class='ocr_line' id='line_1_22' title="bbox 769 1961 1694 2014; baseline 0.002 -15"><span class='ocrx_word' id='word_1_177' title='bbox 769 1961 882 2000; x_wconf 78' lang='grc' dir='ltr'>Οὐδὲν</span> <span class='ocrx_word' id='word_1_178' title='bbox 905 1961 944 2000; x_wconf 77' lang='grc' dir='ltr'>σὺ</span> <span class='ocrx_word' id='word_1_179' title='bbox 968 1976 1012 2012; x_wconf 83' lang='grc' dir='ltr'>με</span> <span class='ocrx_word' id='word_1_180' title='bbox 1022 1964 1152 2009; x_wconf 57' lang='grc' dir='ltr'>ιπτός·</span> <span class='ocrx_word' id='word_1_181' title='bbox 1172 1963 1239 2009; x_wconf 79' lang='grc' dir='ltr'>τῆς</span> <span class='ocrx_word' id='word_1_182' title='bbox 1260 1963 1376 2014; x_wconf 68' lang='grc' dir='ltr'>τύχης</span> <span class='ocrx_word' id='word_1_183' title='bbox 1397 1977 1442 2012; x_wconf 83' lang='grc' dir='ltr'>με</span> <span class='ocrx_word' id='word_1_184' title='bbox 1462 1962 1519 2002; x_wconf 69' lang='grc' dir='ltr'>δεῖ</span> <span class='ocrx_word' id='word_1_185' title='bbox 1540 1964 1648 2012; x_wconf 68' lang='grc' dir='ltr'>μόνον</span> <span class='ocrx_word' id='word_1_186' title='bbox 1662 1961 1694 2001; x_wconf 77' lang='grc'>6.</span> 
     </span>
    </p>
   </div>
   <div class='ocr_carea' id='block_1_13' title="bbox 426 2072 2044 2388">
    <p class='ocr_par' dir='ltr' id='par_1_13' title="bbox 426 2072 2044 2319">
     <span class='ocr_line' id='line_1_23' title="bbox 480 2072 2043 2125; baseline 0.002 -14"><span class='ocrx_word' id='word_1_187' title='bbox 480 2072 627 2111; x_wconf 89' lang='lat' dir='ltr'>Omnia</span> <span class='ocrx_word' id='word_1_188' title='bbox 656 2072 769 2111; x_wconf 92' lang='lat' dir='ltr'>enim</span> <span class='ocrx_word' id='word_1_189' title='bbox 797 2073 849 2112; x_wconf 88' lang='lat' dir='ltr'>ab</span> <span class='ocrx_word' id='word_1_190' title='bbox 879 2085 925 2112; x_wconf 88' lang='lat' dir='ltr'>eo</span> <span class='ocrx_word' id='word_1_191' title='bbox 950 2073 1196 2125; x_wconf 83' lang='lat' dir='ltr'>impetravit,</span> <span class='ocrx_word' id='word_1_192' title='bbox 1227 2086 1332 2124; x_wconf 89' lang='lat' dir='ltr'>quae</span> <span class='ocrx_word' id='word_1_193' title='bbox 1359 2074 1585 2114; x_wconf 89' lang='lat' dir='ltr'>necessaria</span> <span class='ocrx_word' id='word_1_194' title='bbox 1612 2078 1723 2119; x_wconf 89' lang='lat' dir='ltr'>sunt,</span> <span class='ocrx_word' id='word_1_195' title='bbox 1752 2079 1799 2114; x_wconf 87' lang='lat' dir='ltr'>ut</span> <span class='ocrx_word' id='word_1_196' title='bbox 1823 2073 2043 2114; x_wconf 84' lang='lat' dir='ltr'>Laconiam</span> 
     </span>
     <span class='ocr_line' id='line_1_24' title="bbox 427 2137 2039 2190; baseline 0.002 -14"><span class='ocrx_word' id='word_1_197' title='bbox 427 2142 551 2188; x_wconf 85' lang='lat' dir='ltr'>petat,</span> <span class='ocrx_word' id='word_1_198' title='bbox 590 2137 714 2177; x_wconf 91' lang='lat' dir='ltr'>modo</span> <span class='ocrx_word' id='word_1_199' title='bbox 753 2138 787 2177; x_wconf 91' lang='lat' dir='ltr'>si</span> <span class='ocrx_word' id='word_1_200' title='bbox 824 2139 882 2177; x_wconf 92' lang='lat' dir='ltr'>dii</span> <span class='ocrx_word' id='word_1_201' title='bbox 919 2139 1104 2179; x_wconf 84' lang='lat' dir='ltr'>faverint.</span> <span class='ocrx_word' id='word_1_202' title='bbox 1141 2139 1465 2190; x_wconf 73' lang='lat' dir='ltr'>Theoclymenos</span> <span class='ocrx_word' id='word_1_203' title='bbox 1505 2144 1661 2184; x_wconf 90' lang='lat' dir='ltr'>contra,</span> <span class='ocrx_word' id='word_1_204' title='bbox 1703 2151 1843 2180; x_wconf 86' lang='lat' dir='ltr'>amore</span> <span class='ocrx_word' id='word_1_205' title='bbox 1880 2151 2039 2184; x_wconf 89' lang='lat' dir='ltr'>caecus,</span> 
     </span>
     <span class='ocr_line' id='line_1_25' title="bbox 427 2203 2044 2256; baseline 0.001 -15"><span class='ocrx_word' id='word_1_206' title='bbox 427 2214 576 2253; x_wconf 90' lang='lat' dir='ltr'>parum</span> <span class='ocrx_word' id='word_1_207' title='bbox 596 2203 694 2242; x_wconf 91' lang='lat' dir='ltr'>deos</span> <span class='ocrx_word' id='word_1_208' title='bbox 715 2209 843 2243; x_wconf 86' lang='lat' dir='ltr'>curat.</span> <span class='ocrx_word' id='word_1_209' title='bbox 871 2220 888 2240; x_wconf 88' lang='lat'>«</span> <span class='ocrx_word' id='word_1_210' title='bbox 909 2205 949 2243; x_wconf 88' lang='lat' dir='ltr'>Si</span> <span class='ocrx_word' id='word_1_211' title='bbox 971 2217 1036 2244; x_wconf 90' lang='lat' dir='ltr'>me</span> <span class='ocrx_word' id='word_1_212' title='bbox 1056 2204 1271 2249; x_wconf 78' lang='lat' dir='ltr'>amaveris,</span> <span class='ocrx_word' id='word_1_213' title='bbox 1293 2205 1445 2256; x_wconf 88' lang='lat' dir='ltr'>inquit.</span> <span class='ocrx_word' id='word_1_214' title='bbox 1469 2205 1564 2244; x_wconf 84' lang='lat' dir='ltr'>felix</span> <span class='ocrx_word' id='word_1_215' title='bbox 1584 2206 1661 2245; x_wconf 86' lang='lat' dir='ltr'>eris</span> <span class='ocrx_word' id='word_1_216' title='bbox 1680 2218 1689 2244; x_wconf 76' lang='grc' dir='ltr'>ε</span> <span class='ocrx_word' id='word_1_217' title='bbox 1718 2204 1796 2245; x_wconf 90' lang='lat' dir='ltr'>hoc</span> <span class='ocrx_word' id='word_1_218' title='bbox 1822 2205 1865 2244; x_wconf 92' lang='lat' dir='ltr'>in</span> <span class='ocrx_word' id='word_1_219' title='bbox 1887 2209 1958 2244; x_wconf 82' lang='lat' dir='ltr'>tua</span> <span class='ocrx_word' id='word_1_220' title='bbox 1984 2208 2044 2244; x_wconf 85' lang='lat' dir='ltr'>est</span> 
     </span>
     <span class='ocr_line' id='line_1_26' title="bbox 426 2272 675 2319; baseline -0.008 -13"><span class='ocrx_word' id='word_1_221' title='bbox 426 2272 636 2319; x_wconf 86' lang='lat' dir='ltr'>potestate.</span> <span class='ocrx_word' id='word_1_222' title='bbox 657 2283 675 2304; x_wconf 85' lang='lat'>»</span> 
     </span>
    </p>

    <p class='ocr_par' dir='ltr' id='par_1_14' title="bbox 775 2333 1653 2388">
     <span class='ocr_line' id='line_1_27' title="bbox 775 2333 1653 2388; baseline 0.001 -13"><span class='ocrx_word' id='word_1_223' title='bbox 775 2333 836 2375; x_wconf 74' lang='grc' dir='ltr'>Ἐν</span> <span class='ocrx_word' id='word_1_224' title='bbox 859 2335 912 2375; x_wconf 77' lang='grc' dir='ltr'>σοὶ</span> <span class='ocrx_word' id='word_1_225' title='bbox 934 2336 1024 2386; x_wconf 72' lang='grc' dir='ltr'><em>τὸδ’,</em></span> <span class='ocrx_word' id='word_1_226' title='bbox 1042 2336 1085 2383; x_wconf 79' lang='grc' dir='ltr'>ἢν</span> <span class='ocrx_word' id='word_1_227' title='bbox 1107 2338 1171 2386; x_wconf 78' lang='grc' dir='ltr'>σὴν</span> <span class='ocrx_word' id='word_1_228' title='bbox 1193 2337 1244 2384; x_wconf 79' lang='grc' dir='ltr'>εἰς</span> <span class='ocrx_word' id='word_1_229' title='bbox 1265 2337 1322 2387; x_wconf 73' lang='grc' dir='ltr'>ἔμ’</span> <span class='ocrx_word' id='word_1_230' title='bbox 1341 2337 1480 2376; x_wconf 69' lang='grc' dir='ltr'>εὕνειαν</span> <span class='ocrx_word' id='word_1_231' title='bbox 1502 2337 1653 2388; x_wconf 70' lang='grc' dir='ltr'><strong>ΞιδῷςἹ.</strong></span> 
     </span>
    </p>
   </div>
   <div class='ocr_carea' id='block_1_14' title="bbox 426 2446 2043 2694">
    <p class='ocr_par' dir='ltr' id='par_1_15' title="bbox 426 2446 2043 2622">
     <span class='ocr_line' id='line_1_28' title="bbox 479 2446 2043 2500; baseline 0.002 -14"><span class='ocrx_word' id='word_1_232' title='bbox 479 2446 621 2486; x_wconf 83' lang='lat' dir='ltr'>Effecit</span> <span class='ocrx_word' id='word_1_233' title='bbox 647 2452 785 2486; x_wconf 84' lang='lat' dir='ltr'>autem</span> <span class='ocrx_word' id='word_1_234' title='bbox 812 2447 1044 2500; x_wconf 88' lang='lat' dir='ltr'>Euripides,</span> <span class='ocrx_word' id='word_1_235' title='bbox 1075 2454 1117 2486; x_wconf 80' lang='lat' dir='ltr'>ut</span> <span class='ocrx_word' id='word_1_236' title='bbox 1146 2461 1214 2487; x_wconf 81' lang='lat' dir='ltr'>rex</span> <span class='ocrx_word' id='word_1_237' title='bbox 1239 2449 1410 2497; x_wconf 85' lang='lat' dir='ltr'>inscius,</span> <span class='ocrx_word' id='word_1_238' title='bbox 1440 2449 1573 2488; x_wconf 81' lang='lat' dir='ltr'>verbis</span> <span class='ocrx_word' id='word_1_239' title='bbox 1598 2450 1634 2488; x_wconf 84' lang='grc' dir='ltr'>ἐν</span> <span class='ocrx_word' id='word_1_240' title='bbox 1664 2449 1718 2489; x_wconf 77' lang='grc' dir='ltr'>σοὶ</span> <span class='ocrx_word' id='word_1_241' title='bbox 1747 2449 1829 2489; x_wconf 74' lang='grc' dir='ltr'>τόδε</span> <span class='ocrx_word' id='word_1_242' title='bbox 1855 2453 1947 2500; x_wconf 85' lang='lat' dir='ltr'>post</span> <span class='ocrx_word' id='word_1_243' title='bbox 1976 2451 2043 2497; x_wconf 82' lang='grc' dir='ltr'>τῆς</span> 
     </span>
     <span class='ocr_line' id='line_1_29' title="bbox 426 2513 2043 2566; baseline 0.001 -16"><span class='ocrx_word' id='word_1_244' title='bbox 426 2514 541 2564; x_wconf 72' lang='grc' dir='ltr'><strong>τύχης</strong></span> <span class='ocrx_word' id='word_1_245' title='bbox 573 2528 617 2562; x_wconf 86' lang='grc' dir='ltr'>με</span> <span class='ocrx_word' id='word_1_246' title='bbox 647 2513 704 2552; x_wconf 76' lang='grc' dir='ltr'>δεῖ</span> <span class='ocrx_word' id='word_1_247' title='bbox 734 2516 842 2562; x_wconf 75' lang='grc' dir='ltr'>μένεν</span> <span class='ocrx_word' id='word_1_248' title='bbox 874 2514 1033 2564; x_wconf 86' lang='lat' dir='ltr'>positis,</span> <span class='ocrx_word' id='word_1_249' title='bbox 1064 2514 1267 2553; x_wconf 83' lang='lat' dir='ltr'>Lacaenae</span> <span class='ocrx_word' id='word_1_250' title='bbox 1291 2515 1333 2552; x_wconf 91' lang='lat' dir='ltr'>in</span> <span class='ocrx_word' id='word_1_251' title='bbox 1360 2515 1572 2553; x_wconf 85' lang='lat' dir='ltr'>Graeciam</span> <span class='ocrx_word' id='word_1_252' title='bbox 1599 2513 1785 2564; x_wconf 83' lang='lat' dir='ltr'>fugiendi</span> <span class='ocrx_word' id='word_1_253' title='bbox 1814 2513 1929 2553; x_wconf 86' lang='lat' dir='ltr'>daret</span> <span class='ocrx_word' id='word_1_254' title='bbox 1956 2514 2043 2566; x_wconf 86' lang='lat' dir='ltr'>ipse</span> 
     </span>
     <span class='ocr_line' id='line_1_30' title="bbox 427 2576 2039 2622; baseline 0 -8"><span class='ocrx_word' id='word_1_255' title='bbox 427 2576 647 2621; x_wconf 84' lang='lat' dir='ltr'>licentiam,</span> <span class='ocrx_word' id='word_1_256' title='bbox 672 2589 754 2616; x_wconf 89' lang='lat' dir='ltr'>non</span> <span class='ocrx_word' id='word_1_257' title='bbox 777 2578 891 2616; x_wconf 83' lang='lat' dir='ltr'>aliter</span> <span class='ocrx_word' id='word_1_258' title='bbox 902 2591 949 2617; x_wconf 85' lang='lat' dir='ltr'>ac</span> <span class='ocrx_word' id='word_1_259' title='bbox 966 2579 998 2617; x_wconf 89' lang='lat' dir='ltr'>si</span> <span class='ocrx_word' id='word_1_260' title='bbox 1013 2579 1203 2617; x_wconf 76' lang='lat' dir='ltr'>dixisset:</span> <span class='ocrx_word' id='word_1_261' title='bbox 1225 2579 1380 2617; x_wconf 82' lang='lat' dir='ltr'>«Modo</span> <span class='ocrx_word' id='word_1_262' title='bbox 1397 2579 1430 2616; x_wconf 84' lang='lat' dir='ltr'>si</span> <span class='ocrx_word' id='word_1_263' title='bbox 1447 2579 1616 2617; x_wconf 80' lang='lat' dir='ltr'>evadere</span> <span class='ocrx_word' id='word_1_264' title='bbox 1632 2579 1823 2622; x_wconf 64' lang='lat' dir='ltr'>volueris,</span> <span class='ocrx_word' id='word_1_265' title='bbox 1844 2578 2003 2617; x_wconf 78' lang='lat' dir='ltr'>evades.</span> <span class='ocrx_word' id='word_1_266' title='bbox 2021 2592 2039 2615; x_wconf 77' lang='lat' dir='ltr'>n</span> 
     </span>
    </p>

    <p class='ocr_par' dir='ltr' id='par_1_16' title="bbox 477 2641 2042 2694">
     <span class='ocr_line' id='line_1_31' title="bbox 477 2641 2042 2694; baseline 0.001 -14"><span class='ocrx_word' id='word_1_267' title='bbox 477 2641 568 2680; x_wconf 88' lang='lat' dir='ltr'>Jam</span> <span class='ocrx_word' id='word_1_268' title='bbox 599 2655 693 2681; x_wconf 84' lang='lat' dir='ltr'>vero</span> <span class='ocrx_word' id='word_1_269' title='bbox 722 2643 772 2681; x_wconf 86' lang='lat' dir='ltr'>ad</span> <span class='ocrx_word' id='word_1_270' title='bbox 803 2643 930 2681; x_wconf 88' lang='lat' dir='ltr'>finem</span> <span class='ocrx_word' id='word_1_271' title='bbox 959 2644 1134 2693; x_wconf 82' lang='lat' dir='ltr'>hujusce</span> <span class='ocrx_word' id='word_1_272' title='bbox 1163 2657 1307 2682; x_wconf 86' lang='lat' dir='ltr'>scenae</span> <span class='ocrx_word' id='word_1_273' title='bbox 1336 2644 1614 2694; x_wconf 70' lang='lat' dir='ltr'>pervenimus,</span> <span class='ocrx_word' id='word_1_274' title='bbox 1647 2656 1743 2682; x_wconf 88' lang='lat' dir='ltr'>cum</span> <span class='ocrx_word' id='word_1_275' title='bbox 1771 2643 1938 2688; x_wconf 86' lang='lat' dir='ltr'>Helena,</span> <span class='ocrx_word' id='word_1_276' title='bbox 1968 2655 2042 2682; x_wconf 84' lang='lat' dir='ltr'>suo</span> 
     </span>
    </p>
   </div>
   <div class='ocr_carea' id='block_1_15' title="bbox 475 2767 771 3089">
    <p class='ocr_par' dir='ltr' id='par_1_17' title="bbox 480 2767 722 2803">
     <span class='ocr_line' id='line_1_32' title="bbox 480 2767 722 2803; baseline 0 -6"><span class='ocrx_word' id='word_1_277' title='bbox 480 2776 506 2797; x_wconf 86' lang='lat'>1.</span> <span class='ocrx_word' id='word_1_278' title='bbox 530 2767 613 2803; x_wconf 63' lang='lat' dir='ltr'>Hel„</span> <span class='ocrx_word' id='word_1_279' title='bbox 635 2767 722 2802; x_wconf 77' lang='lat'><strong>1418.</strong></span> 
     </span>
    </p>

    <p class='ocr_par' dir='ltr' id='par_1_18' title="bbox 475 2813 771 3089">
     <span class='ocr_line' id='line_1_33' title="bbox 478 2813 768 2855; baseline 0.003 -12"><span class='ocrx_word' id='word_1_280' title='bbox 478 2824 507 2843; x_wconf 80' lang='lat'>2.</span> <span class='ocrx_word' id='word_1_281' title='bbox 532 2813 659 2849; x_wconf 83' lang='lat' dir='ltr'>Ibidem,</span> <span class='ocrx_word' id='word_1_282' title='bbox 682 2815 768 2855; x_wconf 77' lang='lat'><strong>¹4¹9·</strong></span> 
     </span>
     <span class='ocr_line' id='line_1_34' title="bbox 477 2861 768 2899; baseline 0.003 -8"><span class='ocrx_word' id='word_1_283' title='bbox 477 2861 507 2891; x_wconf 89' lang='grc'>3.</span> <span class='ocrx_word' id='word_1_284' title='bbox 531 2861 659 2898; x_wconf 75' lang='lat' dir='ltr'>Ibidem,</span> <span class='ocrx_word' id='word_1_285' title='bbox 681 2862 768 2899; x_wconf 72' lang='lat'>¹420·</span> 
     </span>
     <span class='ocr_line' id='line_1_35' title="bbox 476 2908 767 2946; baseline 0.003 -7"><span class='ocrx_word' id='word_1_286' title='bbox 476 2908 506 2944; x_wconf 75' lang='grc'>4.</span> <span class='ocrx_word' id='word_1_287' title='bbox 531 2908 659 2946; x_wconf 85' lang='lat' dir='ltr'>Ibidem,</span> <span class='ocrx_word' id='word_1_288' title='bbox 681 2909 767 2946; x_wconf 69' lang='lat'><strong>1422.</strong></span> 
     </span>
     <span class='ocr_line' id='line_1_36' title="bbox 475 2955 769 2993; baseline 0.003 -7"><span class='ocrx_word' id='word_1_289' title='bbox 475 2955 505 2986; x_wconf 87' lang='lat'>5.</span> <span class='ocrx_word' id='word_1_290' title='bbox 530 2955 660 2992; x_wconf 78' lang='lat' dir='ltr'>Ibidem,</span> <span class='ocrx_word' id='word_1_291' title='bbox 681 2957 769 2993; x_wconf 77' lang='lat'><strong>1423.</strong></span> 
     </span>
     <span class='ocr_line' id='line_1_37' title="bbox 475 3002 768 3040; baseline 0.007 -8"><span class='ocrx_word' id='word_1_292' title='bbox 475 3002 504 3033; x_wconf 86' lang='grc'>6.</span> <span class='ocrx_word' id='word_1_293' title='bbox 529 3002 658 3040; x_wconf 79' lang='lat' dir='ltr'>Ibidem,</span> <span class='ocrx_word' id='word_1_294' title='bbox 678 3003 768 3039; x_wconf 68' lang='lat'>¹424·</span> 
     </span>
     <span class='ocr_line' id='line_1_38' title="bbox 480 3049 771 3089; baseline 0 -8"><span class='ocrx_word' id='word_1_295' title='bbox 480 3060 509 3089; x_wconf 82' lang='lat'>7.</span> <span class='ocrx_word' id='word_1_296' title='bbox 533 3049 661 3087; x_wconf 73' lang='lat' dir='ltr'>Ibidem,</span> <span class='ocrx_word' id='word_1_297' title='bbox 684 3051 771 3087; x_wconf 69' lang='lat'><strong>1425.</strong></span> 
     </span>
    </p>
   </div>
  </div>
 </body>
</html>
