2394 3660
738 166 868 193 eutr
897 167 951 192 xi.
977 177 1025 182 —
1055 166 1108 193 m:
1137 166 1329 193 uteru.
1793 158 1841 207 39

284 255 359 294 vix
373 267 468 294 vero
483 267 504 294 e
519 267 644 294 curru
660 253 886 299 descendit,
909 265 1007 293 cum
1027 254 1310 298 inveniuntur,
1335 258 1380 292 ut
1400 266 1490 293 mos
1510 258 1571 293 est
1591 254 1840 305 tragicorum

229 331 485 369 graecorum,
526 320 730 358 orationes
769 319 930 363 ambae,
971 321 1076 371 ῥῆσις
1108 323 1231 369 atque
1270 319 1480 372 ἀντίρρησις
1517 319 1756 370 appellatae,
1799 320 1840 357 in

226 383 382 434 quibus
420 384 471 423 de
508 385 656 423 scelere
693 384 858 434 reginae
896 383 1204 422 accuratissime
1241 383 1489 435 disputatur.
1533 383 1667 422 Finxit
1701 388 1839 422 autem

227 449 415 500 scriptor,
446 461 567 488 scena
593 448 644 488 ad
674 448 801 486 finem
827 448 1040 498 perducta.
1064 453 1237 486 matrem
1266 448 1372 487 filiae
1399 449 1633 487 infelicitate
1656 460 1841 487 commo-

226 517 321 555 veri.
364 516 552 556 Affirmat
589 515 700 553 enim
738 526 828 553 eam
867 514 1087 565 paenitere,
1122 514 1235 564 quod
1269 514 1371 552 iram
1406 515 1589 565 Aegisthi
1624 515 1665 553 in
1700 519 1837 553 natam

225 581 501 620 concitaverit.
534 580 648 629 Quae
681 580 821 617 dolose
854 579 910 616 ait
942 590 1031 616 eam
1064 579 1194 616 serius
1224 579 1505 628 ingemiscere,
1534 592 1629 618 cum
1661 580 1839 618 remedia

225 645 401 684 miseriis
416 645 505 696 jam
526 644 640 683 nulla
661 644 791 694 possit
809 642 1018 682 adhibere.
1041 643 1190 681 Graece
1209 657 1217 680 :

653 742 743 795 Ὀψὲ
770 745 966 791 στενάζεις,
988 743 1153 793 ἡψῖκόὗκ
1175 744 1273 795 ἔχεις
1294 744 1364 793 ἄκη
1381 755 1408 783 ¹.

275 862 397 901 Periit
433 861 546 901 enim
585 861 824 912 Aegisthus,
859 865 983 912 atque
1016 862 1094 912 ipsi
1132 861 1476 912 Clytaemnestrae
1506 875 1617 902 mors
1652 866 1838 916 proxima

223 927 426 966 imminet.
463 926 592 965 Mater
625 931 768 965 contra
802 938 892 965 eam
929 927 1110 965 conubio
1151 927 1332 966 alludere
1366 928 1584 973 existimat,
1623 941 1708 980 quo
1740 941 1837 968 cum
1866 941 1869 943 ·

221 990 400 1040 agricola
418 990 476 1028 sic
491 990 639 1041 juncta
658 994 732 1033 est,
756 994 801 1028 ut
822 990 948 1028 finem
969 991 1176 1029 malorum
1196 990 1362 1030 haberet
1384 993 1560 1031 nullum.

275 1055 439 1095 Fatetur
466 1055 616 1094 deinde
645 1055 803 1095 Electra
832 1068 873 1094 se
905 1069 1147 1107 quanquam
1178 1058 1425 1108 praefractae
1453 1064 1511 1097 est
1542 1059 1706 1104 indolis,
1738 1061 1838 1098 velle

221 1126 360 1160 tamen
381 1121 502 1160 irasci
528 1121 727 1159 desinere.
751 1121 858 1159 Tum
879 1122 1058 1171 ingenue
1079 1123 1281 1174 promittit
1300 1129 1430 1162 mater
1449 1125 1669 1176 conjugem
1698 1126 1836 1176 ipsum

213 1186 303 1237 jam
326 1198 409 1224 non
431 1187 467 1225 ei
487 1186 700 1225 insensum
720 1186 804 1225 sore
823 1200 830 1224 :

617 1287 688 1328 Καὶ
710 1289 781 1338 μὴ)
803 1289 945 1336 ἐκεῖνος
966 1289 1081 1328 οὐκέτ’
1100 1290 1199 1329 ἔσται
1222 1304 1273 1329 50¹.
1298 1291 1453 1343 βκρὺςῦ.

220 1423 356 1463 neque
394 1411 630 1462 suspicatur
663 1416 869 1462 quantum
903 1424 989 1450 rem
1023 1425 1098 1451 acu
1134 1413 1419 1464 imprudenter
1457 1414 1645 1464 tetigerit.
1682 1414 1836 1453 Electra

219 1481 361 1516 contra
389 1488 473 1514 non
499 1477 661 1527 ignorat
686 1476 776 1527 jam
803 1477 1048 1527 Aegisthum
1079 1490 1165 1516 esse
1194 1478 1503 1530 interemptum.
1538 1480 1705 1530 Itaque:
1732 1495 1750 1515 α
1768 1478 1838 1518 Su-

220 1541 368 1593 perbit,
388 1542 538 1593 inquit,
561 1542 605 1581 in
625 1542 750 1581 domo
769 1543 881 1581 enim
902 1547 1040 1582 nostra
1060 1543 1231 1582 habitat.
1254 1559 1271 1580 n

544 1649 687 1703 Φρονεῖ
708 1650 790 1702 μέγ’
812 1663 820 1670 ·
845 1650 881 1689 ἐν
903 1651 973 1703 γὰρ
994 1653 1074 1698 τοῖς
1095 1651 1202 1700 ἐμοῖς
1221 1651 1310 1690 ναίει
1333 1650 1502 1701 δόμοις3.

270 1781 431 1820 Partem
469 1781 639 1819 alteram
677 1781 849 1819 trimetri
888 1780 939 1819 ad
978 1780 1096 1819 aedes
1131 1781 1481 1830 Agamemnonias
1515 1781 1834 1832 Clytaemnestra

217 1846 352 1891 refert,
384 1846 539 1897 quibus
573 1846 810 1897 Aegisthus,
839 1858 933 1896 rege
962 1846 1187 1890 interfecto,
1220 1847 1375 1897 potitus
1408 1852 1481 1891 est,
1513 1858 1754 1897 quanquam
1784 1846 1835 1884 de

216 1912 342 1951 domo
377 1912 579 1961 agricolae
614 1913 765 1962 agitur,
805 1912 876 1949 ubi
908 1912 1014 1962 jacet
1050 1911 1211 1961 tyranni
1252 1923 1415 1962 corpus.
1465 1912 1606 1963 Itaque
1649 1912 1836 1962 queritur

216 1989 308 2016 eam
346 1989 450 2015 nova
482 1977 622 2027 jurgia
660 1977 846 2020 excitare,
887 1989 992 2028 quae
1030 1989 1113 2014 non
1152 1977 1239 2014 sine
1283 1977 1463 2015 maxima
1506 1977 1836 2015 dissimulatione

218 2042 466 2094 respondet:

633 2127 733 2178 Σιγῶ
753 2138 760 2145 ·
784 2125 930 2166 δέδοικα
948 2127 1020 2179 γάρ
1041 2141 1093 2165 νιν
1113 2126 1165 2174 ὡς
1186 2123 1326 2166 δέδωκ’
1342 2123 1459 2177 syth&

218 2245 333 2298 quod
358 2245 576 2297 explanare
600 2244 746 2283 inutile
773 2249 845 2283 est.

270 2311 459 2362 Denique
483 2322 582 2349 cum
608 2310 758 2349 mulier
784 2309 1064 2348 infelicissima
1086 2310 1125 2347 in
1150 2310 1365 2359 tugurium
1392 2309 1647 2359 ingreditur:
1674 2326 1692 2346 u
1711 2311 1830 2355 Cave,

219 2377 275 2416 ait
294 2376 467 2421 Electra,
490 2388 541 2414 ne
566 2381 720 2414 vestem
749 2375 800 2414 ad
827 2376 1038 2413 fumosum
1067 2375 1262 2426 parietem
1290 2376 1486 2420 macules,
1509 2388 1555 2414 ea
1581 2376 1707 2420 enim,
1730 2389 1836 2427 quae

219 2442 486 2487 conveniunt,
509 2441 588 2480 diis
609 2440 873 2479 sacrificabis.
898 2456 914 2476 »

626 2541 757 2590 Θύτεις
777 2543 849 2595 γὰρ
871 2538 929 2582 εἷα
948 2544 1021 2595 χρή
1045 2556 1084 2581 σε
1104 2542 1269 2592 &zius-⁴22
1291 2541 1429 2581 θύεῑνὸ.

274 2662 439 2701 Nullam
465 2673 560 2701 vero
585 2662 708 2700 aliam
739 2661 964 2703 victimam,
992 2672 1120 2710 quam
1151 2660 1284 2711 ipsam
1315 2664 1487 2698 matrem
1519 2660 1600 2698 lilia
1629 2660 1831 2710 designat,

221 2728 349 2780 quod,
373 2732 503 2766 matre
524 2731 687 2766 tantum
709 2731 888 2777 excepta.
913 2726 1123 2763 neminem
1145 2725 1186 2763 in
1209 2725 1364 2763 theatro
1386 2725 1582 2776 fugiebat.

276 2888 302 2907 1.
327 2875 437 2910 Elect„
459 2885 547 2904 1111.

295 2945 303 2952 .
329 2922 457 2958 Ibidem,
480 2931 566 2962 ¹¹¹9-

297 2994 303 3000 .
330 2969 458 3005 Ibidem,
481 2978 566 2999 1120.

276 3020 303 3051 Δ.
330 3016 459 3052 Ibidem,
482 3024 568 3045 1122.

276 3065 305 3094 5.
331 3063 459 3096 Ibidem.
482 3062 568 3099 ¹¹4¹·

274 2933 290 2999 0³⁵0
