2394 3660
852 235 1146 263 PROOEMH'M.
1789 240 1811 278 9

211 358 214 360 ,
246 325 348 364 Item
368 325 604 376 Sophocles,
628 337 724 364 cum
748 325 939 376 Oedipum
960 328 1177 375 tyrannum
1202 325 1427 369 induceret,
1451 325 1564 363 dedit
1583 336 1750 376 operam
1767 330 1813 364 ut

194 390 381 430 fabulam
410 402 555 429 omnes
587 391 781 430 facillime
809 390 950 429 animo
983 390 1393 442 comprehenderent.
1435 391 1499 430 Sic
1536 391 1647 429 enim
1686 391 1808 435 cives,

193 455 363 494 ineunte
388 455 611 505 tragoedia,
640 468 707 494 rex
733 455 984 507 alloquitur:

564 555 615 596 Ὦ
634 559 760 605 τέκη,
784 557 934 607 Κάδμευ
955 560 1015 596 ’.εὖ
1037 558 1153 596 πάλαι
1175 559 1239 596 νέα
1259 560 1374 610 τρεξή
1389 560 1416 606 “,

192 669 304 707 unde
324 681 410 707 rem
431 668 582 707 Thebis
603 670 667 725 agi
689 667 957 707 Athenienses
978 669 1246 719 accipiebant.
1273 669 1333 707 Ab
1354 674 1496 707 octavo
1517 673 1654 706 autem
1678 668 1812 706 trime-

193 738 253 772 tro
274 734 362 786 jam
389 734 644 773 docebantur
669 734 782 784 loqui
805 734 1027 785 Oedipum.
1051 735 1122 784 qui
1152 747 1193 771 se
1221 735 1306 785 ipse
1335 734 1387 772 ita
1414 734 1643 784 appellabat
1667 747 1674 771 z

581 835 612 874 Ο
631 840 717 874 πᾶσι
739 836 886 883 κκ.ε’.ν“ες
906 834 1080 883 ΟἷΞίπευς
1099 837 1344 885 macunen-3.

245 947 438 986 Sacerdos
461 959 566 991 vero,
592 959 641 985 ne
661 960 785 999 quem
814 948 915 986 sorte
943 948 1069 986 iambi
1096 948 1347 991 fefellissent,
1382 959 1534 987 nomen
1565 947 1671 997 regis
1698 947 1810 986 haud

192 1012 326 1052 multo
347 1016 441 1064 post
466 1013 662 1051 referebat
682 1026 688 1051 :

567 1106 676 1148 Ἀλλ’
691 1108 720 1148 ὦ
740 1111 928 1162 κρατύνων
950 1109 1125 1157 Οἰδίπευς
1143 1108 1273 1162 χώρας
1295 1110 1463 1159 ἐμ.ἢς2...

243 1219 460 1271 Euripides
481 1220 567 1271 ipse
593 1233 614 1258 a
642 1221 868 1272 Sophocleo
895 1234 1009 1260 more
1035 1234 1118 1260 non
1145 1222 1323 1266 deflexit,
1357 1223 1436 1260 nisi
1465 1222 1578 1272 quod
1614 1233 1810 1272 magnam

191 1285 496 1336 simplicitatem
535 1290 711 1324 sectatus
744 1291 818 1330 est,
855 1299 982 1338 quam
1013 1288 1055 1325 in
1085 1288 1266 1338 prologis
1296 1288 1528 1326 existimare
1557 1287 1650 1325 licet
1680 1298 1812 1337 aequo

191 1351 389 1402 majorem
410 1351 550 1390 fuisse.
576 1340 729 1390 Omnes
750 1353 877 1396 enim,
900 1354 972 1404 qui
999 1366 1220 1404 personam
1248 1354 1289 1391 in
1317 1355 1407 1404 ejus
1434 1354 1584 1392 sabulis
1612 1353 1807 1397 induunt,

190 1417 294 1456 nihil
315 1417 528 1468 antiquius
548 1417 716 1459 habent.
740 1431 867 1469 quam
890 1431 930 1457 se
953 1420 1077 1469 ipsos,
1109 1420 1272 1470 saepius
1301 1432 1383 1458 una
1412 1432 1554 1457 versus
1585 1419 1812 1458 conforma-

190 1482 300 1521 tione
326 1494 439 1527 uSOS,
464 1495 539 1521 suo
565 1483 734 1522 nomine
763 1484 956 1524 indicare.
988 1489 1033 1522 ut
1060 1485 1101 1522 in
1135 1485 1356 1524 Troadibus
1383 1485 1600 1536 Neptunus
1622 1498 1629 1522 :

560 1583 666 1624 ’Ήκω
688 1586 806 1624 λιπὼν
835 1588 977 1636 λ”.ᾖκιεν
1000 1587 1162 1639 ἁλμυρὶν
1186 1587 1299 1636 βαίθες

559 1652 690 1689 πέντου
712 1651 924 1690 timeam-³
933 1682 1008 1690 .....

243 1761 307 1800 Sic
335 1761 561 1812 Polydorus
587 1761 629 1800 in
657 1761 818 1800 Hecuba
847 1761 1035 1798 similiter
1061 1761 1242 1798 fabulam
1274 1760 1443 1811 incipit:

560 1863 668 1903 ’Ήκω
695 1868 833 1916 νεκρῶν
860 1864 1056 1912 κευθμῶνα
1080 1862 1142 1902 καὶ
1167 1865 1297 1902 tzitta
1317 1863 1439 1910 πύλκς

564 1927 699 1978 λιπών,
721 1929 764 1968 ἵ)
783 1928 915 1978 ’Ἀιδης
934 1928 1054 1981 χωρὶς
1074 1931 1226 1983 ᾤκισται
1248 1930 1355 1977 θεῶν,

560 1995 785 2048 Πολύδωρος
813 1992 978 2044 Ἑκάβης
998 1998 1087 2042 παῖς
1099 1993 1164 2032 4

189 2113 227 2147 et
253 2108 462 2159 Dionysus
491 2108 534 2147 in
560 2107 761 2147 Bacchis:

559 2203 668 2244 Ἥκω
685 2205 771 2252 Διὸς
789 2207 880 2253 παῖς
898 2204 1006 2254 τήνδε
1025 2204 1198 2253 Θηόαίων
1217 2205 1334 2256 χθόνα

557 2269 753 2318 Διένυσοςῦ
761 2300 839 2309 .....

242 2382 366 2434 Apud
400 2382 575 2421 Graecos
604 2383 717 2421 enim
748 2382 929 2433 tragicus
962 2387 1080 2434 poeta
1109 2394 1208 2420 cum
1229 2382 1564 2433 frequentissima
1585 2381 1811 2420 hominum

189 2448 310 2488 turba
330 2449 372 2486 in
400 2447 558 2487 theatro
587 2448 758 2499 Dionysi
783 2448 944 2498 agebat,
973 2461 1079 2499 quos
1109 2462 1271 2487 necesse
1298 2454 1398 2492 erat,
1430 2449 1543 2486 nulla
1569 2448 1809 2499 interposita

188 2525 318 2559 mora,
350 2513 452 2565 quid
481 2514 523 2552 in
558 2526 675 2552 scena
707 2519 979 2564 promeretur,
1013 2514 1260 2563 intellegere.
1303 2514 1397 2552 Ideo
1428 2513 1614 2552 solebant
1650 2525 1812 2551 narrare

188 2590 399 2630 personae,
424 2579 592 2617 nomine
613 2584 651 2617 et
670 2579 829 2630 origine
850 2580 912 2617 vix
936 2592 974 2617 ex
987 2579 1151 2629 ulgatis,
1176 2579 1287 2618 unde
1315 2579 1512 2619 venirent.
1542 2579 1642 2629 quid
1672 2579 1812 2616 animo

187 2645 401 2694 agitarent,
430 2656 514 2695 quo
540 2656 603 2682 res
625 2645 677 2683 ab
705 2644 823 2683 initio
850 2645 1050 2683 omnibus
1080 2645 1191 2683 fieret
1221 2645 1431 2683 illustrior.

241 2709 432 2748 Ceterum
452 2709 723 2748 Athenienses
744 2709 900 2748 scimus
921 2722 943 2748 a
963 2710 1110 2760 puerili
1137 2714 1265 2748 aetate
1291 2709 1526 2748 fabularum
1553 2710 1811 2760 argumentis

187 2775 430 2816 assuevisse,
458 2787 564 2826 quae
591 2775 673 2814 sive
701 2787 746 2813 ex
778 2774 971 2820 Homero,
996 2775 1079 2814 sive
1103 2788 1150 2814 ex
1178 2775 1370 2816 Hesiodo.
1397 2775 1479 2814 sive
1499 2788 1519 2814 e
1540 2776 1810 2827 scriptoribus

247 2922 276 2942 1.
303 2911 379 2942 OEd.
399 2913 449 2947 R„
472 2921 498 2942 1.

242 2969 270 2989 τι.
297 2958 375 2989 OEd.
395 2960 447 2995 R„
469 2959 516 2994 14.

240 3006 270 3036 3.
299 3005 426 3041 Troad.,
448 3015 472 3039 ι,
493 3015 521 3034 2.
540 3006 640 3036 Semel
657 3014 764 3036 moneo
781 3015 826 3036 me
845 3004 1057 3036 Teubner-iana
1072 3005 1209 3036 Naue-lcii
1223 3006 1357 3037 editione
1373 3008 1505 3046 (1887)
1527 3006 1558 3036 in
1581 3006 1813 3037 dinumerandis

190 3053 328 3084 versibus
345 3053 401 3083 uti.

243 3102 272 3137 4.
300 3101 388 3138 Hec.‚
410 3110 434 3132 ι,
454 3109 526 3138 sqq.

244 3149 274 3180 ὃ,
300 3147 426 3185 Bacch„
449 3158 474 3179 1.
495 3157 522 3177 2.
