2394 3660
548 143 678 170 CAPUT
707 144 792 170 1111.
816 155 865 160 -—
894 143 946 170 Dr.
973 143 1180 171 mmo-Exta
1208 143 1396 170 TAURIGA.
1754 136 1799 175 51

252 230 411 270 Rursus
438 231 561 282 fugae
589 232 748 276 alludit,
786 232 854 271 cui
883 231 1092 272 faciendae
1119 232 1241 271 multi
1277 234 1522 283 spectatores
1547 231 1809 271 vehementer

198 300 403 335 nocerent.
427 296 606 335 Tantum
626 308 722 336 vero
741 297 870 343 abest,
889 302 936 336 ut
955 296 1004 342 is,
1025 297 1127 347 quid
1149 297 1227 336 sibi
1247 297 1355 340 velit,
1370 297 1595 347 intellegat,
1609 301 1810 336 utcontra

198 360 406 400 licentiam
424 355 460 399 ei
480 361 689 412 permittat
708 362 882 400 Graecos
901 361 1092 400 homines
1111 362 1307 407 ducendi,
1330 374 1413 412 quo
1432 362 1589 414 placeat
1607 375 1616 399 :

465 459 551 513 ’'A-s
569 462 657 501 ἔνθα
674 464 827 516 χρῄζεις
841 460 869 500 ¹.

250 566 312 605 Ad
340 566 467 604 finem
495 565 672 617 hujusce
696 579 856 611 scenae,
889 578 973 606 non
1003 566 1136 617 magis
1163 566 1380 617 Euripides
1410 567 1586 606 barbaro
1612 566 1805 619 pepercit.

197 630 327 682 Cujus
342 635 453 669 tanta
475 631 646 682 quidem
667 631 838 670 stultitia
859 636 933 676 est,
947 636 994 670 ut
1014 632 1092 670 sibi
1112 643 1203 670 eam
1226 632 1441 670 consulere
1464 633 1680 677 existimet,
1703 644 1809 683 quae

196 700 338 734 contra
354 695 585 734 maximum
604 700 721 746 parat
739 696 1050 734 detrimentum.
1075 695 1183 735 Tum
1195 696 1263 735 illa
1284 701 1441 735 tantam
1461 703 1623 748 experta
1635 697 1810 748 stupidi-

196 764 335 804 tatem,
367 772 450 799 non
472 760 635 799 dubitat
661 773 758 799 suae
783 761 916 811 ipsius
938 761 1135 812 perfidiae
1156 761 1352 806 alludere,
1377 773 1632 813 quemquam
1653 774 1808 812 negans

196 837 283 864 esse
299 825 410 876 apud
433 825 607 864 Graecos
633 825 701 864 cui
727 825 880 864 fiducia
902 826 997 876 jure
1023 826 1247 865 habeatur:

471 928 601 967 Πιστὲν
631 925 773 975 Ἑλλὰς
792 926 889 968 εἶδεν
912 928 1011 967 οὐδέν
1027 938 1057 967 ².

252 1032 296 1072 Id
316 1032 487 1084 quidem
503 1045 587 1072 non
610 1034 732 1072 sentit
751 1034 954 1073 malitiose
970 1033 1076 1072 dici:
1100 1034 1230 1073 immo
1250 1035 1380 1074 eredit
1395 1047 1486 1074 eam
1506 1035 1681 1075 civitatis
1701 1049 1812 1076 com-

176 1097 332 1137 ”modis
364 1097 573 1142 inservire,
614 1110 713 1137 nam
747 1099 895 1137 fatetur
928 1098 996 1137 illa
1032 1111 1073 1138 se
1108 1099 1338 1139 amicorum
1376 1099 1625 1139 utilitatibus
1662 1101 1808 1145 favere,

195 1163 350 1214 quibus
372 1175 469 1214 prae
494 1163 636 1202 ceteris
658 1164 872 1203 consulere
898 1163 1068 1203 debeat:

468 1264 540 1304 Καὶ
560 1264 677 1316 φίλων
698 1265 808 1317 γ’σῦς
828 1266 885 1305 δεῖ
913 1266 1077 1315 μάλιστα
1089 1265 1172 1304 3....

248 1371 376 1411 Nemo
395 1383 479 1411 non
505 1372 630 1417 videt,
657 1384 741 1423 quo
761 1372 884 1411 verba
909 1372 1093 1411 tendant.
1119 1371 1303 1410 Forsitan
1325 1372 1568 1423 scriptorem
1597 1373 1809 1425 reprehen-

193 1437 290 1476 dere
316 1437 423 1483 licet,
454 1437 568 1488 quod
595 1437 770 1476 modum
796 1438 1024 1481 excesserit,
1048 1449 1147 1476 cum
1176 1449 1315 1488 regem
1336 1438 1583 1489 respondere
1609 1451 1654 1477 ea
1683 1439 1810 1490 stupi-

195 1502 335 1548 ditate,
359 1515 441 1554 qua
462 1503 594 1554 major
615 1503 729 1542 nulla
745 1508 818 1547 est,
842 1503 1038 1542 voluerit:

1050 1599 1145 1638 τοῦτ’
1160 1597 1292 1647 ἔλεξας
1313 1598 1365 1646 εἷς
1385 1598 1465 1649 ἐμέ.

249 1704 436 1756 Denique
464 1704 506 1743 in
524 1705 766 1744 tetrametris
782 1717 790 1742 :

468 1792 518 1833 Ὦ
540 1795 625 1842 Διὶς
644 1796 787 1843 Λητοῦς
806 1793 837 1834 τ’
851 1794 993 1833 ἄνασσα
1013 1795 1177 1846 παρθέν’,
1196 1796 1240 1843 ἢν
1260 1795 1353 1844 νίψω
1374 1797 1479 1843 φάνεν

465 1859 580 1898 τῶνδε
599 1858 662 1898 καὶ
683 1860 850 1908 θύσωμεν
873 1855 914 1898 εὖ
934 1860 1024 1910 χρή,
1048 1860 1209 1910 καθαρὸν
1232 1858 1395 1907 οἰκήσεις
1415 1859 1543 1909 δόμεν,

474 1924 641 1977 εὖτυχεῖς
662 1924 691 1963 δ’
707 1925 820 1974 ἡμεῖς
839 1923 1013 1973 ἐσόμεθα.
1036 1924 1176 1963 Timet
1195 1923 1226 1962 δ’
1244 1923 1282 1963 εὖ
1301 1924 1466 1975 λέγους’,
1489 1923 1591 1974 ὅμως

475 1992 555 2036 ’.εἷς
574 1990 620 2028 τὰ
639 1989 779 2029 πλείον’
794 1989 924 2029 εἰδόσιν
947 1990 1046 2036 θεοῖς
1067 1988 1121 2028 σεὶ
1142 2004 1182 2028 τε
1202 1989 1388 2039 σημαίνω,
1412 1991 1477 2028 θεά
1488 1988 1519 2033 4,

194 2114 299 2153 quos
328 2113 418 2140 eam
451 2101 642 2147 edidisse,
671 2102 856 2141 Thoante
884 2107 1109 2154 praesente,
1147 2103 1411 2148 arbitramur,
1440 2115 1585 2143 omnes
1613 2103 1814 2144 discerne-

195 2168 296 2207 bant
323 2180 450 2219 quam
485 2167 696 2218 regionem
730 2168 795 2207 his
833 2168 1006 2207 vocibus
1041 2166 1080 2207 οὔ
1109 2171 1184 2222 χρή
1221 2169 1468 2219 designaret,
1506 2170 1594 2215 ubi,
1624 2171 1813 2222 Apolline

195 2233 378 2284 jubente,
407 2238 512 2272 esset
535 2234 876 2279 saerifieandum;
907 2234 965 2273 sic
989 2246 1139 2286 puram
1169 2234 1283 2273 illam
1312 2232 1502 2279 domum,
1535 2248 1662 2286 quam
1697 2236 1812 2280 dicit.

194 2298 442 2349 colligebant
462 2298 732 2338 Athenienses
749 2311 869 2338 suam
890 2311 978 2338 esse
997 2299 1159 2342 urbem,
1178 2299 1222 2337 in
1244 2311 1373 2350 quam
1394 2299 1615 2338 Artemidis
1639 2301 1810 2351 signum

193 2364 354 2404 Orestes
373 2377 420 2403 ac
441 2364 610 2415 Pylades
626 2365 781 2404 deferre
800 2364 1021 2409 debebant,
1045 2365 1149 2403 dum
1170 2365 1421 2409 felicitatem,
1445 2378 1571 2416 quam
1602 2366 1680 2404 sibi
1714 2366 1815 2404 suis-

193 2440 275 2480 que
288 2429 533 2480 praestabat,
552 2429 784 2468 sentiebant
808 2442 896 2468 esse
922 2442 1027 2473 eam,
1047 2441 1174 2481 quam
1195 2429 1283 2480 ipsa
1311 2430 1530 2482 fraterque,
1552 2430 1813 2469 cessantibus

195 2494 420 2540 aerumnis,
454 2494 568 2533 domi
597 2499 734 2533 essent
764 2494 961 2534 habituri.
999 2495 1044 2532 In
1071 2495 1153 2533 fine
1182 2507 1276 2533 vero
1305 2499 1436 2539 actus,
1468 2495 1569 2545 quid
1601 2495 1812 2546 cogitaret.

197 2570 446 2610 magnopere
497 2559 805 2604 dissimulabat,
852 2571 1124 2611 personarum
1170 2559 1420 2610 tragiearum
1467 2561 1814 2599 consuetudinem

196 2628 382 2663 assecuta
416 2636 513 2663 cum
548 2637 689 2675 preces
728 2624 985 2670 emittebant,
1027 2637 1130 2675 quas
1168 2637 1290 2663 nemo
1329 2625 1371 2663 in
1412 2637 1533 2664 scena
1581 2625 1815 2676 intellegere

195 2689 399 2729 deberet5.
423 2689 488 2729 Sic
508 2690 670 2729 facilius
691 2690 852 2729 fabulas
879 2690 931 2730 ad
958 2690 1115 2729 exitum
1136 2695 1280 2742 poetae
1301 2690 1598 2741 perducebant.
1623 2691 1814 2731 Ceterum

251 2817 276 2835 ι.
302 2804 410 2845 Iphiy.
427 2806 534 2844 Taum,
556 2806 642 2847 1198.

252 2862 281 2884 2.
305 2851 436 2889 Ibidem,
459 2853 546 2884 1205.

250 2899 281 2931 3.
305 2898 436 2938 Ibidem,
458 2900 547 2930 1213.

247 2947 277 2983 4.
303 2945 436 2983 Ibidem,
457 2947 580 2979 1230-3.

223 2995 226 2998 ⁴
247 2994 279 3025 5.
303 2993 393 3026 Licet
406 2995 559 3026 conferas
575 3003 690 3025 versus
706 2995 945 3034 Agamemnonio
962 2996 1172 3031 notissimos.
1190 3006 1277 3036 quos
1295 2998 1329 3028 in
1348 3006 1422 3028 mea
1440 2997 1562 3035 gallica
1578 2998 1677 3031 thesi,
1694 3007 1728 3038 p.
1748 3000 1815 3030 ¹812

193 3041 345 3073 laudavi.
