2394 3660
545 178 594 230 3ζ1
866 189 916 214 ΒΕ
946 187 1120 214 TRAGICA
1149 184 1422 211 AMBIGUITATE
1452 182 1557 209 APUD
1587 177 1822 207 EURIPIDEM.

543 278 742 328 confugit.
765 277 871 315 Tum
906 275 942 314 ei
969 286 1102 313 servos
1130 274 1202 311 lon
1223 271 1349 322 jussit
1375 282 1525 309 manus
1550 269 1729 319 injicere,
1758 279 1864 318 quae
1890 265 2152 317 respondisse

543 345 670 383 fertur
688 355 696 380 :

919 391 1124 432 Ἀπεννὲπω
1148 405 1187 429 σε
1209 391 1259 440 μὴ
1280 390 1531 429 κατακτείνειν
1553 387 1621 436 ἐμὲ

911 459 999 510 ὑπὲρ
1020 460 1050 496 τ’
1064 457 1227 506 ἐμαυτῆς
1245 459 1306 495 τοῦ
1327 457 1408 495 θεοῦ
1425 451 1511 493 Θ’ἵν’
1531 455 1687 502 ἕσταμεν
1702 453 1729 488 ¹.

598 567 642 605 ld
663 577 770 609 vero,
794 564 906 616 quod
926 563 1042 602 facile
1061 562 1201 600 animo
1220 560 1447 611 comperire
1467 563 1540 602 est,
1563 558 1618 596 ita
1645 568 1786 607 graece
1811 555 1982 593 vertitur
2008 558 2054 591 ut
2078 565 2153 604 pro

539 633 632 682 jure
652 635 836 669 materno
856 629 1022 672 Creusa,
1046 627 1204 678 Apollo,
1231 639 1305 676 pro
1331 630 1501 676 paterno
1522 622 1780 663 interdicant.
1810 632 1862 659 ne
1895 624 2027 658 morte
2059 631 2156 669 sup-

544 697 691 748 plicem
714 695 824 732 filius
849 694 1011 732 afficiat.
1041 693 1193 732 Sensus
1220 692 1306 743 ipse
1332 703 1353 729 e
1378 691 1482 734 loco,
1511 700 1637 740 quem
1668 686 1868 726 vocabula
1894 685 1937 724 in
1971 683 2154 723 trimetro

546 765 695 803 tenent,
728 758 980 810 probabilior
1013 758 1072 802 fit,
1107 769 1204 796 cum
1233 757 1320 809 ὑπὲρ
1352 755 1515 805 ἐμαυτῆς
1543 753 1659 804 prius
1686 752 1861 794 dicatur,
1891 748 1988 801 quia
2018 749 2062 786 in
2091 747 2156 786 his

545 826 677 864 verbis
704 825 763 862 vis
791 823 922 874 major
948 823 1060 861 insit.

597 891 784 928 Ceterum
806 889 919 940 quod
935 888 1022 939 ipse
1036 887 1257 939 respondet
1272 886 1383 924 filius
1399 884 1451 923 ad
1466 882 1794 935 explanationem
1810 894 1892 933 qua
1908 881 1973 920 usi
1990 891 2153 923 sumus,

544 956 655 994 haud
682 967 799 1004 aegre
825 953 1175 992 accommodatur.
1201 952 1238 990 Is
1265 951 1377 990 enim
1403 961 1501 988 cum
1523 948 1651 987 dicit:

914 1055 957 1093 Τί
977 1054 1008 1092 δ’
1026 1053 1102 1093 ἐστὶ
1123 1053 1252 1103 Φοίβῳ
1275 1053 1328 1091 w:
1348 1065 1388 1090 τε
1408 1051 1526 1090 κοινὸν
1547 1050 1585 1088 ἐν
1607 1052 1758 1100 μέσῳ2;

546 1161 595 1200 de
624 1174 666 1199 ea
693 1161 864 1210 κεινωνίᾳ
897 1163 1071 1196 matrem
1105 1158 1341 1206 interrogat,
1377 1168 1503 1207 quam
1531 1155 1706 1205 ignorat.
1744 1154 1890 1192 Mulier
1917 1156 2058 1192 contra
2087 1156 2159 1191 tes-

547 1232 652 1264 tatur
686 1224 798 1263 haud
831 1223 984 1274 injuste
1020 1234 1145 1260 suum
1179 1221 1311 1272 ipsius
1341 1233 1493 1272 corpus
1524 1219 1600 1258 deo
1632 1231 1720 1257 esse
1755 1230 1933 1263 sacrum,
1968 1230 2093 1268 seque
2119 1217 2156 1256 ei

548 1290 743 1329 tuendam
770 1288 1003 1328 committit.
1034 1287 1111 1326 Cui
1139 1287 1239 1325 lon:

915 1383 1013 1442 Κᾷτ’
1026 1388 1177 1435 ἔκτανες
1198 1387 1237 1426 σὺ
1259 1388 1466 1439 φαρμάκοις
1486 1386 1546 1425 τὸν
1567 1388 1628 1424 τοῦ
1649 1386 1730 1424 θεοῦ
1743 1383 1783 1430 3;

549 1498 589 1535 in
624 1508 706 1548 quo
739 1495 895 1534 inscius
929 1494 1026 1532 facit
1057 1492 1260 1544 Apollinis
1288 1491 1476 1530 sacerdos
1502 1490 1665 1529 divinae
1690 1488 1863 1539 originis
1887 1488 2157 1527 mentionem.

600 1561 750 1599 Versus
789 1564 941 1598 ceteros
978 1558 1140 1597 mittere
1177 1557 1284 1601 licet,
1326 1555 1400 1594 ubi
1437 1556 1596 1594 nullam
1634 1553 1922 1593 difficultatem
1959 1552 2159 1592 invenias.

550 1627 690 1665 Unum
724 1630 862 1664 tamen
895 1623 1110 1674 excipiam,
1147 1622 1244 1673 quia
1278 1621 1429 1660 Creusa
1462 1620 1512 1659 de
1547 1633 1588 1659 se
1621 1619 1710 1671 ipsa
1742 1618 1857 1670 loqui
1887 1618 2029 1662 nescit,
2062 1629 2160 1657 cum

551 1692 690 1731 Ionem
717 1691 792 1730 soli
817 1690 939 1729 matri
966 1689 1168 1740 imperare
1194 1688 1248 1727 ita
1270 1687 1419 1738 jubet:

916 1791 991 1840 Τὴν
1014 1790 1079 1839 σὴν
1099 1788 1188 1828 ’ὸπου
1210 1802 1263 1829 σοι
1285 1785 1495 1839 μητέρ’ἐστί
1515 1784 1714 1826 νευθέτειί».

602 1898 733 1937 Verba
753 1897 864 1936 enim
884 1896 972 1936 ’σ’που
993 1911 1047 1936 σοι
1068 1896 1163 1935 ἐστίν
1183 1907 1267 1947 quo
1286 1894 1428 1934 minus
1448 1897 1563 1933 erant
1582 1891 1823 1935 necessaria,
1846 1904 1893 1931 eo
1918 1890 2052 1942 magis
2072 1890 2157 1930 vim

551 1964 722 2003 trimetri
749 1962 999 2015 peculiarem
1024 1960 1299 2012 adaugebant.

816 2329 1035 2379 CAPUT
1083 2328 1171 2377 IX.
1199 2357 1261 2363 -—-
1296 2327 1380 2377 DE
1425 2326 1897 2377 SUPPLICIBUS.

610 2620 723 2658 Hanc
749 2619 1014 2669 tragoediam,
1037 2631 1164 2670 quam
1190 2618 1319 2656 voluit
1345 2617 1562 2668 Euripides
1590 2615 1774 2668 ἐγκώμιεν
1808 2614 1969 2665 Ἀθηνῶν
1998 2628 2098 2660 esse,
2123 2620 2169 2653 ut

556 2685 806 2735 antiquiores
823 2685 900 2735 ipsi
917 2683 1457 2733 rectissimejudicaverunt,
1476 2682 1770 2733 praetermitto,
1789 2693 1887 2719 cum
1903 2693 1924 2719 e
1940 2680 2167 2719 veterrimis

556 2751 804 2789 Graecorum
826 2750 974 2787 sabulis
994 2750 1252 2800 deprompta,
1272 2749 1359 2799 ipsa
1376 2748 1512 2788 indole
1533 2747 1696 2785 dicendi
1714 2746 1901 2787 artificio.
1920 2747 1986 2785 cui
2008 2745 2167 2786 studeo.

559 2817 735 2854 maxime
761 2820 1019 2866 repugnaret.

617 2944 642 2963 1.
667 2933 859 2969 Ion.,1282‚
877 2933 905 2963 3.

614 2991 641 3010 2.
666 2979 794 3019 Ibidem,
816 2980 903 3015 1284.

614 3027 643 3057 3.
668 3027 794 3063 Ibidem.
817 3027 904 3058 1286.

616 3077 642 3107 ξι.
671 3074 796 3110 Ibidem,
819 3075 905 3113 ¹3⁶7·

2389 3344 2394 3411 --
2389 3207 2394 3331 Α--.
2389 3175 2394 3198 μ.
2387 2459 2394 3166 ᾼ-ῌ-ῌ-ψῴ-
