<?xml version="1.0" encoding="UTF-8"?>
<!DOCTYPE html PUBLIC "-//W3C//DTD XHTML 1.0 Transitional//EN"
    "http://www.w3.org/TR/xhtml1/DTD/xhtml1-transitional.dtd">
<html xmlns="http://www.w3.org/1999/xhtml" xml:lang="en" lang="en">
 <head>
  <title>
</title>
<meta http-equiv="Content-Type" content="text/html;charset=utf-8" />
  <meta name='ocr-system' content='tesseract 3.04.00' />
  <meta name='ocr-capabilities' content='ocr_page ocr_carea ocr_par ocr_line ocrx_word'/>
</head>
<body>
  <div class='ocr_page' id='page_1' title='image "./detragicaambigui00masquoft_0040.png"; bbox 0 0 2394 3660; ppageno 0'>
   <div class='ocr_carea' id='block_1_1' title="bbox 547 172 1856 219">
    <p class='ocr_par' dir='ltr' id='par_1_1' title="bbox 547 172 1856 219">
     <span class='ocr_line' id='line_1_1' title="bbox 547 172 1856 219; baseline -0.004 0"><span class='ocrx_word' id='word_1_1' title='bbox 547 179 551 183; x_wconf 80' lang='grc'><strong>’</strong></span> <span class='ocrx_word' id='word_1_2' title='bbox 575 179 622 219; x_wconf 86' lang='grc'>36</span> <span class='ocrx_word' id='word_1_3' title='bbox 896 191 946 216; x_wconf 78' lang='lat' dir='ltr'>m:</span> <span class='ocrx_word' id='word_1_4' title='bbox 976 189 1150 216; x_wconf 70' lang='lat' dir='ltr'>TRAGmA</span> <span class='ocrx_word' id='word_1_5' title='bbox 1178 189 1453 216; x_wconf 54' lang='lat' dir='ltr'>‚ammomum</span> <span class='ocrx_word' id='word_1_6' title='bbox 1483 175 1592 216; x_wconf 53' lang='lat' dir='ltr'>,apt-n</span> <span class='ocrx_word' id='word_1_7' title='bbox 1622 172 1856 216; x_wconf 58' lang='lat' dir='ltr'>nonnum-:u</span> 
     </span>
    </p>
   </div>
   <div class='ocr_carea' id='block_1_2' title="bbox 572 276 2185 458">
    <p class='ocr_par' dir='ltr' id='par_1_2' title="bbox 572 276 2185 458">
     <span class='ocr_line' id='line_1_2' title="bbox 627 276 2185 328; baseline -0.001 -10"><span class='ocrx_word' id='word_1_8' title='bbox 627 280 738 318; x_wconf 89' lang='lat' dir='ltr'>Patet</span> <span class='ocrx_word' id='word_1_9' title='bbox 753 279 867 316; x_wconf 88' lang='lat' dir='ltr'>hunc</span> <span class='ocrx_word' id='word_1_10' title='bbox 884 289 1047 316; x_wconf 82' lang='lat' dir='ltr'>versum</span> <span class='ocrx_word' id='word_1_11' title='bbox 1065 289 1147 315; x_wconf 91' lang='lat' dir='ltr'>non</span> <span class='ocrx_word' id='word_1_12' title='bbox 1163 288 1261 314; x_wconf 89' lang='lat' dir='ltr'>eum</span> <span class='ocrx_word' id='word_1_13' title='bbox 1277 289 1376 321; x_wconf 91' lang='lat' dir='ltr'>esse,</span> <span class='ocrx_word' id='word_1_14' title='bbox 1396 288 1479 328; x_wconf 94' lang='lat' dir='ltr'>quo</span> <span class='ocrx_word' id='word_1_15' title='bbox 1495 277 1688 315; x_wconf 82' lang='lat' dir='ltr'>Hecubae</span> <span class='ocrx_word' id='word_1_16' title='bbox 1703 277 1884 321; x_wconf 84' lang='lat' dir='ltr'>animus,</span> <span class='ocrx_word' id='word_1_17' title='bbox 1907 276 2185 316; x_wconf 87' lang='lat' dir='ltr'>sollicitudine</span> 
     </span>
     <span class='ocr_line' id='line_1_3' title="bbox 573 341 2184 394; baseline -0.001 -13"><span class='ocrx_word' id='word_1_18' title='bbox 573 344 685 382; x_wconf 89' lang='lat' dir='ltr'>omni</span> <span class='ocrx_word' id='word_1_19' title='bbox 707 343 907 394; x_wconf 89' lang='lat' dir='ltr'>deposita,</span> <span class='ocrx_word' id='word_1_20' title='bbox 931 342 1102 380; x_wconf 88' lang='lat' dir='ltr'>recreari</span> <span class='ocrx_word' id='word_1_21' title='bbox 1131 346 1169 380; x_wconf 89' lang='lat' dir='ltr'>et</span> <span class='ocrx_word' id='word_1_22' title='bbox 1198 341 1299 391; x_wconf 84' lang='lat' dir='ltr'>erigi</span> <span class='ocrx_word' id='word_1_23' title='bbox 1326 342 1469 392; x_wconf 85' lang='lat' dir='ltr'>possit.</span> <span class='ocrx_word' id='word_1_24' title='bbox 1493 341 1663 380; x_wconf 86' lang='lat' dir='ltr'><strong>Minime</strong></span> <span class='ocrx_word' id='word_1_25' title='bbox 1683 353 1780 391; x_wconf 86' lang='lat' dir='ltr'>ergo</span> <span class='ocrx_word' id='word_1_26' title='bbox 1805 345 1998 379; x_wconf 89' lang='lat' dir='ltr'>naturam</span> <span class='ocrx_word' id='word_1_27' title='bbox 2019 345 2184 380; x_wconf 87' lang='lat' dir='ltr'>secutus</span> 
     </span>
     <span class='ocr_line' id='line_1_4' title="bbox 572 405 2180 458; baseline -0.001 -13"><span class='ocrx_word' id='word_1_28' title='bbox 572 413 631 445; x_wconf 82' lang='lat' dir='ltr'>est</span> <span class='ocrx_word' id='word_1_29' title='bbox 653 407 881 458; x_wconf 83' lang='lat' dir='ltr'>Euripides,</span> <span class='ocrx_word' id='word_1_30' title='bbox 905 419 1002 445; x_wconf 89' lang='lat' dir='ltr'>cum</span> <span class='ocrx_word' id='word_1_31' title='bbox 1024 406 1141 444; x_wconf 82' lang='lat' dir='ltr'>finxit</span> <span class='ocrx_word' id='word_1_32' title='bbox 1160 418 1264 449; x_wconf 91' lang='lat' dir='ltr'>eam,</span> <span class='ocrx_word' id='word_1_33' title='bbox 1284 406 1386 445; x_wconf 89' lang='lat' dir='ltr'>nihil</span> <span class='ocrx_word' id='word_1_34' title='bbox 1403 406 1583 456; x_wconf 87' lang='lat' dir='ltr'>amplius</span> <span class='ocrx_word' id='word_1_35' title='bbox 1599 405 1816 450; x_wconf 87' lang='lat' dir='ltr'>sciscitata,</span> <span class='ocrx_word' id='word_1_36' title='bbox 1835 405 1887 444; x_wconf 89' lang='lat' dir='ltr'>ad</span> <span class='ocrx_word' id='word_1_37' title='bbox 1902 405 1979 444; x_wconf 86' lang='lat' dir='ltr'>alia</span> <span class='ocrx_word' id='word_1_38' title='bbox 1996 405 2180 445; x_wconf 87' lang='lat' dir='ltr'>transire.</span> 
     </span>
    </p>
   </div>
   <div class='ocr_carea' id='block_1_3' title="bbox 907 800 1847 851">
    <p class='ocr_par' dir='ltr' id='par_1_3' title="bbox 907 800 1847 851">
     <span class='ocr_line' id='line_1_5' title="bbox 907 800 1847 851; baseline -0.003 -1"><span class='ocrx_word' id='word_1_39' title='bbox 907 801 1127 851; x_wconf 75' lang='lat' dir='ltr'>CAPUT</span> <span class='ocrx_word' id='word_1_40' title='bbox 1172 800 1259 849; x_wconf 79' lang='lat' dir='ltr'>XI.</span> <span class='ocrx_word' id='word_1_41' title='bbox 1291 830 1349 835; x_wconf 88' lang='lat'><em>-</em></span> <span class='ocrx_word' id='word_1_42' title='bbox 1388 801 1470 850; x_wconf 82' lang='lat' dir='ltr'>DE</span> <span class='ocrx_word' id='word_1_43' title='bbox 1518 800 1847 851; x_wconf 75' lang='lat' dir='ltr'>ELECTRA.</span> 
     </span>
    </p>
   </div>
   <div class='ocr_carea' id='block_1_4' title="bbox 561 1108 2183 2451">
    <p class='ocr_par' dir='ltr' id='par_1_4' title="bbox 565 1108 2183 1611">
     <span class='ocr_line' id='line_1_6' title="bbox 623 1108 2182 1160; baseline -0.001 -13"><span class='ocrx_word' id='word_1_44' title='bbox 623 1109 828 1160; x_wconf 81' lang='lat' dir='ltr'>Euripidis</span> <span class='ocrx_word' id='word_1_45' title='bbox 848 1108 1007 1148; x_wconf 75' lang='lat' dir='ltr'><em>Electra</em></span> <span class='ocrx_word' id='word_1_46' title='bbox 1023 1120 1043 1146; x_wconf 90' lang='lat' dir='ltr'>e</span> <span class='ocrx_word' id='word_1_47' title='bbox 1060 1108 1224 1146; x_wconf 90' lang='lat' dir='ltr'>duabus</span> <span class='ocrx_word' id='word_1_48' title='bbox 1240 1109 1427 1159; x_wconf 85' lang='lat' dir='ltr'>partibus</span> <span class='ocrx_word' id='word_1_49' title='bbox 1444 1114 1616 1154; x_wconf 88' lang='lat' dir='ltr'>constat,</span> <span class='ocrx_word' id='word_1_50' title='bbox 1636 1121 1756 1159; x_wconf 86' lang='lat' dir='ltr'>quae,</span> <span class='ocrx_word' id='word_1_51' title='bbox 1775 1120 2017 1159; x_wconf 85' lang='lat' dir='ltr'>quanquam</span> <span class='ocrx_word' id='word_1_52' title='bbox 2033 1120 2182 1160; x_wconf 82' lang='lat' dir='ltr'>parum</span> 
     </span>
     <span class='ocr_line' id='line_1_7' title="bbox 569 1172 2183 1224; baseline 0 -13"><span class='ocrx_word' id='word_1_53' title='bbox 569 1173 853 1211; x_wconf 66' lang='lat' dir='ltr'>similitudinis</span> <span class='ocrx_word' id='word_1_54' title='bbox 874 1173 1085 1224; x_wconf 82' lang='lat' dir='ltr'>praebent,</span> <span class='ocrx_word' id='word_1_55' title='bbox 1110 1172 1322 1223; x_wconf 77' lang='lat' dir='ltr'>aptissime</span> <span class='ocrx_word' id='word_1_56' title='bbox 1344 1178 1481 1212; x_wconf 87' lang='lat' dir='ltr'>tamen</span> <span class='ocrx_word' id='word_1_57' title='bbox 1503 1174 1608 1212; x_wconf 87' lang='lat' dir='ltr'>inter</span> <span class='ocrx_word' id='word_1_58' title='bbox 1628 1185 1669 1211; x_wconf 86' lang='lat' dir='ltr'>se</span> <span class='ocrx_word' id='word_1_59' title='bbox 1688 1172 1920 1217; x_wconf 85' lang='lat' dir='ltr'>cohaerent,</span> <span class='ocrx_word' id='word_1_60' title='bbox 1939 1185 2037 1212; x_wconf 90' lang='lat' dir='ltr'>cum</span> <span class='ocrx_word' id='word_1_61' title='bbox 2060 1173 2183 1212; x_wconf 88' lang='lat' dir='ltr'>altera</span> 
     </span>
     <span class='ocr_line' id='line_1_8' title="bbox 566 1238 2180 1289; baseline 0 -13"><span class='ocrx_word' id='word_1_62' title='bbox 566 1250 694 1276; x_wconf 89' lang='lat' dir='ltr'>unam</span> <span class='ocrx_word' id='word_1_63' title='bbox 729 1238 968 1276; x_wconf 78' lang='lat' dir='ltr'>naturaliter</span> <span class='ocrx_word' id='word_1_64' title='bbox 1001 1242 1290 1287; x_wconf 78' lang='lat' dir='ltr'>consequatur.</span> <span class='ocrx_word' id='word_1_65' title='bbox 1321 1238 1424 1277; x_wconf 78' lang='lat' dir='ltr'>Nam</span> <span class='ocrx_word' id='word_1_66' title='bbox 1458 1239 1561 1277; x_wconf 91' lang='lat' dir='ltr'>dum</span> <span class='ocrx_word' id='word_1_67' title='bbox 1596 1239 1639 1276; x_wconf 91' lang='lat' dir='ltr'>in</span> <span class='ocrx_word' id='word_1_68' title='bbox 1673 1238 1848 1289; x_wconf 83' lang='lat' dir='ltr'>priore&#39;,</span> <span class='ocrx_word' id='word_1_69' title='bbox 1873 1238 2039 1276; x_wconf 80' lang='lat' dir='ltr'>fratrem</span> <span class='ocrx_word' id='word_1_70' title='bbox 2067 1250 2180 1277; x_wconf 91' lang='lat' dir='ltr'>soror</span> 
     </span>
     <span class='ocr_line' id='line_1_9' title="bbox 566 1301 2180 1352; baseline -0.001 -11"><span class='ocrx_word' id='word_1_71' title='bbox 566 1302 764 1351; x_wconf 71' lang='lat' dir='ltr'>agnoseit,</span> <span class='ocrx_word' id='word_1_72' title='bbox 803 1302 845 1339; x_wconf 88' lang='lat' dir='ltr'>in</span> <span class='ocrx_word' id='word_1_73' title='bbox 879 1301 1126 1352; x_wconf 82' lang='lat' dir='ltr'>posteriore2</span> <span class='ocrx_word' id='word_1_74' title='bbox 1149 1301 1273 1339; x_wconf 89' lang='lat' dir='ltr'>ambo</span> <span class='ocrx_word' id='word_1_75' title='bbox 1306 1302 1529 1340; x_wconf 86' lang='lat' dir='ltr'>consilium</span> <span class='ocrx_word' id='word_1_76' title='bbox 1562 1303 1708 1340; x_wconf 90' lang='lat' dir='ltr'>ineunt</span> <span class='ocrx_word' id='word_1_77' title='bbox 1743 1302 2110 1350; x_wconf 66' lang='lat' dir='ltr'>Clytaemnestram</span> <span class='ocrx_word' id='word_1_78' title='bbox 2144 1306 2180 1339; x_wconf 90' lang='lat' dir='ltr'>et</span> 
     </span>
     <span class='ocr_line' id='line_1_10' title="bbox 567 1365 2182 1417; baseline -0.001 -13"><span class='ocrx_word' id='word_1_79' title='bbox 567 1366 811 1416; x_wconf 61' lang='lat' dir='ltr'>Aegisthum</span> <span class='ocrx_word' id='word_1_80' title='bbox 850 1365 1078 1403; x_wconf 83' lang='lat' dir='ltr'>ulciscendi</span> <span class='ocrx_word' id='word_1_81' title='bbox 1098 1378 1105 1402; x_wconf 92' lang='lat'><strong>:</strong></span> <span class='ocrx_word' id='word_1_82' title='bbox 1130 1365 1242 1415; x_wconf 92' lang='lat' dir='ltr'>quod</span> <span class='ocrx_word' id='word_1_83' title='bbox 1282 1366 1339 1403; x_wconf 90' lang='lat' dir='ltr'>eis</span> <span class='ocrx_word' id='word_1_84' title='bbox 1379 1378 1570 1417; x_wconf 81' lang='lat' dir='ltr'>prospere</span> <span class='ocrx_word' id='word_1_85' title='bbox 1610 1365 1806 1404; x_wconf 77' lang='lat' dir='ltr'>succedit.</span> <span class='ocrx_word' id='word_1_86' title='bbox 1851 1365 1986 1404; x_wconf 90' lang='lat' dir='ltr'>Poena</span> <span class='ocrx_word' id='word_1_87' title='bbox 2029 1366 2182 1417; x_wconf 81' lang='lat' dir='ltr'>duplex</span> 
     </span>
     <span class='ocr_line' id='line_1_11' title="bbox 565 1430 2183 1482; baseline 0.001 -15"><span class='ocrx_word' id='word_1_88' title='bbox 565 1430 783 1481; x_wconf 86' lang='lat' dir='ltr'>dupliciter</span> <span class='ocrx_word' id='word_1_89' title='bbox 802 1430 1060 1480; x_wconf 68' lang='lat' dir='ltr'>exponitur-3.</span> <span class='ocrx_word' id='word_1_90' title='bbox 1086 1430 1228 1480; x_wconf 87' lang='lat' dir='ltr'>Itaque</span> <span class='ocrx_word' id='word_1_91' title='bbox 1248 1431 1405 1468; x_wconf 80' lang='lat' dir='ltr'>curavit</span> <span class='ocrx_word' id='word_1_92' title='bbox 1431 1431 1518 1481; x_wconf 88' lang='lat' dir='ltr'>ipse</span> <span class='ocrx_word' id='word_1_93' title='bbox 1545 1435 1677 1482; x_wconf 89' lang='lat' dir='ltr'>poeta,</span> <span class='ocrx_word' id='word_1_94' title='bbox 1701 1442 1785 1481; x_wconf 88' lang='lat' dir='ltr'>quo</span> <span class='ocrx_word' id='word_1_95' title='bbox 1811 1430 1944 1480; x_wconf 87' lang='lat' dir='ltr'>magis</span> <span class='ocrx_word' id='word_1_96' title='bbox 1971 1434 2183 1481; x_wconf 80' lang='lat' dir='ltr'>appareret</span> 
     </span>
     <span class='ocr_line' id='line_1_12' title="bbox 565 1494 2178 1546; baseline 0 -13"><span class='ocrx_word' id='word_1_97' title='bbox 565 1500 721 1533; x_wconf 77' lang='lat' dir='ltr'>certum</span> <span class='ocrx_word' id='word_1_98' title='bbox 743 1499 781 1532; x_wconf 87' lang='lat' dir='ltr'>et</span> <span class='ocrx_word' id='word_1_99' title='bbox 801 1495 919 1545; x_wconf 86' lang='lat' dir='ltr'>quasi</span> <span class='ocrx_word' id='word_1_100' title='bbox 940 1495 1221 1533; x_wconf 81' lang='lat' dir='ltr'>examinatum</span> <span class='ocrx_word' id='word_1_101' title='bbox 1243 1495 1369 1533; x_wconf 90' lang='lat' dir='ltr'>totius</span> <span class='ocrx_word' id='word_1_102' title='bbox 1396 1496 1530 1546; x_wconf 88' lang='lat' dir='ltr'>operis</span> <span class='ocrx_word' id='word_1_103' title='bbox 1559 1499 1948 1546; x_wconf 83' lang='lat' dir='ltr'>temperamentum,</span> <span class='ocrx_word' id='word_1_104' title='bbox 1971 1500 2015 1533; x_wconf 92' lang='lat' dir='ltr'>ut</span> <span class='ocrx_word' id='word_1_105' title='bbox 2037 1494 2178 1533; x_wconf 88' lang='lat' dir='ltr'>eadem</span> 
     </span>
     <span class='ocr_line' id='line_1_13' title="bbox 566 1556 1622 1611; baseline 0.001 -15"><span class='ocrx_word' id='word_1_106' title='bbox 566 1572 662 1598; x_wconf 75' lang='lat' dir='ltr'>voce</span> <span class='ocrx_word' id='word_1_107' title='bbox 682 1556 754 1599; x_wconf 70' lang='grc' dir='ltr'>εἶεν</span> <span class='ocrx_word' id='word_1_108' title='bbox 775 1564 995 1610; x_wconf 85' lang='lat' dir='ltr'>utramque</span> <span class='ocrx_word' id='word_1_109' title='bbox 1017 1559 1186 1597; x_wconf 90' lang='lat' dir='ltr'>ultionis</span> <span class='ocrx_word' id='word_1_110' title='bbox 1208 1564 1365 1610; x_wconf 86' lang='lat' dir='ltr'>partem</span> <span class='ocrx_word' id='word_1_111' title='bbox 1388 1559 1622 1611; x_wconf 59' lang='lat' dir='ltr'>inciperem.</span> 
     </span>
    </p>

    <p class='ocr_par' dir='ltr' id='par_1_5' title="bbox 563 1625 2183 2182">
     <span class='ocr_line' id='line_1_14' title="bbox 618 1625 2181 1676; baseline 0.001 -14"><span class='ocrx_word' id='word_1_112' title='bbox 618 1625 840 1674; x_wconf 79' lang='lat' dir='ltr'>Tragoedia</span> <span class='ocrx_word' id='word_1_113' title='bbox 864 1637 1029 1662; x_wconf 81' lang='lat' dir='ltr'>scenam</span> <span class='ocrx_word' id='word_1_114' title='bbox 1050 1625 1261 1675; x_wconf 85' lang='lat' dir='ltr'>quandam</span> <span class='ocrx_word' id='word_1_115' title='bbox 1279 1625 1474 1669; x_wconf 80' lang='lat' dir='ltr'>continet,</span> <span class='ocrx_word' id='word_1_116' title='bbox 1495 1631 1539 1664; x_wconf 91' lang='lat' dir='ltr'>ut</span> <span class='ocrx_word' id='word_1_117' title='bbox 1560 1626 1599 1663; x_wconf 90' lang='lat' dir='ltr'>in</span> <span class='ocrx_word' id='word_1_118' title='bbox 1624 1627 1730 1668; x_wconf 77' lang='lat' dir='ltr'>Ione,</span> <span class='ocrx_word' id='word_1_119' title='bbox 1752 1625 1821 1663; x_wconf 85' lang='lat' dir='ltr'>ubi</span> <span class='ocrx_word' id='word_1_120' title='bbox 1843 1626 1887 1663; x_wconf 88' lang='lat' dir='ltr'>lit</span> <span class='ocrx_word' id='word_1_121' title='bbox 1908 1637 2181 1676; x_wconf 89' lang='lat' dir='ltr'>personarum</span> 
     </span>
     <span class='ocr_line' id='line_1_15' title="bbox 565 1689 2178 1740; baseline 0.002 -14"><span class='ocrx_word' id='word_1_122' title='bbox 565 1689 734 1738; x_wconf 82' lang='lat' dir='ltr'>agnitio.</span> <span class='ocrx_word' id='word_1_123' title='bbox 761 1689 847 1727; x_wconf 88' lang='lat' dir='ltr'>IIoc</span> <span class='ocrx_word' id='word_1_124' title='bbox 868 1694 1006 1727; x_wconf 88' lang='lat' dir='ltr'>tamen</span> <span class='ocrx_word' id='word_1_125' title='bbox 1028 1689 1209 1733; x_wconf 86' lang='lat' dir='ltr'>interest,</span> <span class='ocrx_word' id='word_1_126' title='bbox 1228 1689 1340 1739; x_wconf 86' lang='lat' dir='ltr'>quod</span> <span class='ocrx_word' id='word_1_127' title='bbox 1362 1689 1402 1727; x_wconf 89' lang='lat' dir='ltr'>in</span> <span class='ocrx_word' id='word_1_128' title='bbox 1420 1690 1573 1733; x_wconf 88' lang='lat' dir='ltr'>sabula,</span> <span class='ocrx_word' id='word_1_129' title='bbox 1593 1690 1659 1728; x_wconf 91' lang='lat' dir='ltr'>cui</span> <span class='ocrx_word' id='word_1_130' title='bbox 1676 1690 1765 1740; x_wconf 84' lang='lat' dir='ltr'>jam</span> <span class='ocrx_word' id='word_1_131' title='bbox 1786 1689 1902 1740; x_wconf 92' lang='lat' dir='ltr'>prius</span> <span class='ocrx_word' id='word_1_132' title='bbox 1923 1689 2178 1730; x_wconf 82' lang='lat' dir='ltr'>studuimus.</span> 
     </span>
     <span class='ocr_line' id='line_1_16' title="bbox 566 1754 2182 1804; baseline 0.001 -13"><span class='ocrx_word' id='word_1_133' title='bbox 566 1766 763 1804; x_wconf 88' lang='lat' dir='ltr'>personae</span> <span class='ocrx_word' id='word_1_134' title='bbox 777 1754 924 1792; x_wconf 89' lang='lat' dir='ltr'>ambae</span> <span class='ocrx_word' id='word_1_135' title='bbox 941 1754 1146 1803; x_wconf 87' lang='lat' dir='ltr'>ignorant,</span> <span class='ocrx_word' id='word_1_136' title='bbox 1166 1766 1248 1804; x_wconf 89' lang='lat' dir='ltr'>qua</span> <span class='ocrx_word' id='word_1_137' title='bbox 1264 1755 1623 1803; x_wconf 86' lang='lat' dir='ltr'>consanguinitate</span> <span class='ocrx_word' id='word_1_138' title='bbox 1639 1755 1744 1792; x_wconf 90' lang='lat' dir='ltr'>inter</span> <span class='ocrx_word' id='word_1_139' title='bbox 1760 1767 1801 1792; x_wconf 90' lang='lat' dir='ltr'>se</span> <span class='ocrx_word' id='word_1_140' title='bbox 1817 1754 2064 1798; x_wconf 64' lang='lat' dir='ltr'>xinciantur,</span> <span class='ocrx_word' id='word_1_141' title='bbox 2078 1754 2182 1792; x_wconf 90' lang='lat' dir='ltr'>dum</span> 
     </span>
     <span class='ocr_line' id='line_1_17' title="bbox 564 1819 2183 1869; baseline 0.001 -14"><span class='ocrx_word' id='word_1_142' title='bbox 564 1819 605 1856; x_wconf 92' lang='lat' dir='ltr'>in</span> <span class='ocrx_word' id='word_1_143' title='bbox 628 1819 801 1864; x_wconf 82' lang='lat' dir='ltr'>Electra,</span> <span class='ocrx_word' id='word_1_144' title='bbox 823 1819 924 1857; x_wconf 88' lang='lat' dir='ltr'>haec</span> <span class='ocrx_word' id='word_1_145' title='bbox 944 1823 1107 1857; x_wconf 90' lang='lat' dir='ltr'>tantum</span> <span class='ocrx_word' id='word_1_146' title='bbox 1127 1819 1242 1857; x_wconf 88' lang='lat' dir='ltr'>illam</span> <span class='ocrx_word' id='word_1_147' title='bbox 1262 1820 1460 1869; x_wconf 87' lang='lat' dir='ltr'>agnoscit.</span> <span class='ocrx_word' id='word_1_148' title='bbox 1481 1820 1584 1858; x_wconf 79' lang='lat' dir='ltr'>Nam</span> <span class='ocrx_word' id='word_1_149' title='bbox 1606 1820 1696 1857; x_wconf 82' lang='lat' dir='ltr'>fecit</span> <span class='ocrx_word' id='word_1_150' title='bbox 1718 1824 1868 1863; x_wconf 89' lang='lat' dir='ltr'>noster,</span> <span class='ocrx_word' id='word_1_151' title='bbox 1888 1823 1935 1857; x_wconf 90' lang='lat' dir='ltr'>ut</span> <span class='ocrx_word' id='word_1_152' title='bbox 1955 1819 2115 1858; x_wconf 86' lang='lat' dir='ltr'>Orestes</span> <span class='ocrx_word' id='word_1_153' title='bbox 2136 1831 2183 1857; x_wconf 90' lang='lat' dir='ltr'>ac</span> 
     </span>
     <span class='ocr_line' id='line_1_18' title="bbox 565 1884 2182 1936; baseline 0.001 -15"><span class='ocrx_word' id='word_1_154' title='bbox 565 1884 733 1933; x_wconf 64' lang='lat' dir='ltr'>Pylades</span> <span class='ocrx_word' id='word_1_155' title='bbox 761 1896 802 1922; x_wconf 88' lang='lat' dir='ltr'>se</span> <span class='ocrx_word' id='word_1_156' title='bbox 832 1884 1102 1928; x_wconf 88' lang='lat' dir='ltr'>abdidissent,</span> <span class='ocrx_word' id='word_1_157' title='bbox 1127 1897 1223 1922; x_wconf 86' lang='lat' dir='ltr'>cum</span> <span class='ocrx_word' id='word_1_158' title='bbox 1245 1885 1446 1933; x_wconf 72' lang='lat' dir='ltr'>virginem</span> <span class='ocrx_word' id='word_1_159' title='bbox 1474 1886 1716 1923; x_wconf 88' lang='lat' dir='ltr'>redeuntem</span> <span class='ocrx_word' id='word_1_160' title='bbox 1743 1898 1764 1923; x_wconf 91' lang='lat' dir='ltr'>e</span> <span class='ocrx_word' id='word_1_161' title='bbox 1790 1886 1902 1924; x_wconf 82' lang='lat' dir='ltr'>fonte</span> <span class='ocrx_word' id='word_1_162' title='bbox 1930 1885 2063 1936; x_wconf 89' lang='lat' dir='ltr'>prima</span> <span class='ocrx_word' id='word_1_163' title='bbox 2089 1885 2182 1923; x_wconf 90' lang='lat' dir='ltr'>luce</span> 
     </span>
     <span class='ocr_line' id='line_1_19' title="bbox 563 1947 2182 2000; baseline 0.001 -15"><span class='ocrx_word' id='word_1_164' title='bbox 563 1947 765 1986; x_wconf 88' lang='lat' dir='ltr'>audirent.</span> <span class='ocrx_word' id='word_1_165' title='bbox 786 1948 893 1986; x_wconf 88' lang='lat' dir='ltr'>Tum</span> <span class='ocrx_word' id='word_1_166' title='bbox 913 1949 1101 1999; x_wconf 89' lang='lat' dir='ltr'>queritur</span> <span class='ocrx_word' id='word_1_167' title='bbox 1119 1949 1257 1999; x_wconf 91' lang='lat' dir='ltr'>puella</span> <span class='ocrx_word' id='word_1_168' title='bbox 1277 1949 1557 1988; x_wconf 85' lang='lat' dir='ltr'>infelicitatem</span> <span class='ocrx_word' id='word_1_169' title='bbox 1575 1962 1709 1993; x_wconf 84' lang='lat' dir='ltr'>suam,</span> <span class='ocrx_word' id='word_1_170' title='bbox 1729 1962 1862 2000; x_wconf 90' lang='lat' dir='ltr'>neque</span> <span class='ocrx_word' id='word_1_171' title='bbox 1877 1949 2011 1987; x_wconf 91' lang='lat' dir='ltr'>dicere</span> <span class='ocrx_word' id='word_1_172' title='bbox 2027 1949 2182 1987; x_wconf 81' lang='lat' dir='ltr'>omittit</span> 
     </span>
     <span class='ocr_line' id='line_1_20' title="bbox 564 2013 2178 2066; baseline 0.001 -16"><span class='ocrx_word' id='word_1_173' title='bbox 564 2026 604 2050; x_wconf 75' lang='lat' dir='ltr'>se</span> <span class='ocrx_word' id='word_1_174' title='bbox 639 2013 767 2052; x_wconf 85' lang='lat' dir='ltr'>filiam</span> <span class='ocrx_word' id='word_1_175' title='bbox 800 2026 887 2052; x_wconf 86' lang='lat' dir='ltr'>esse</span> <span class='ocrx_word' id='word_1_176' title='bbox 915 2014 1256 2064; x_wconf 84' lang='lat' dir='ltr'>Agamemnonis,</span> <span class='ocrx_word' id='word_1_177' title='bbox 1295 2019 1340 2052; x_wconf 88' lang='lat' dir='ltr'>ut</span> <span class='ocrx_word' id='word_1_178' title='bbox 1374 2015 1508 2059; x_wconf 80' lang='lat' dir='ltr'>frater,</span> <span class='ocrx_word' id='word_1_179' title='bbox 1542 2019 1764 2066; x_wconf 88' lang='lat' dir='ltr'>postquam</span> <span class='ocrx_word' id='word_1_180' title='bbox 1794 2027 1814 2052; x_wconf 90' lang='lat' dir='ltr'>e</span> <span class='ocrx_word' id='word_1_181' title='bbox 1843 2015 1932 2053; x_wconf 90' lang='lat' dir='ltr'>loco</span> <span class='ocrx_word' id='word_1_182' title='bbox 1962 2014 2071 2058; x_wconf 80' lang='lat' dir='ltr'>exiit,</span> <span class='ocrx_word' id='word_1_183' title='bbox 2106 2014 2178 2052; x_wconf 92' lang='lat' dir='ltr'>ubi</span> 
     </span>
     <span class='ocr_line' id='line_1_21' title="bbox 563 2077 2182 2130; baseline 0.001 -15"><span class='ocrx_word' id='word_1_184' title='bbox 563 2078 830 2123; x_wconf 86' lang='lat' dir='ltr'>condebatur,</span> <span class='ocrx_word' id='word_1_185' title='bbox 859 2077 1130 2129; x_wconf 80' lang='lat' dir='ltr'>ambiguitate</span> <span class='ocrx_word' id='word_1_186' title='bbox 1157 2079 1199 2117; x_wconf 93' lang='lat' dir='ltr'>in</span> <span class='ocrx_word' id='word_1_187' title='bbox 1226 2079 1410 2118; x_wconf 68' lang='lat' dir='ltr'>diverbio</span> <span class='ocrx_word' id='word_1_188' title='bbox 1440 2080 1678 2130; x_wconf 81' lang='lat' dir='ltr'>prudenter,</span> <span class='ocrx_word' id='word_1_189' title='bbox 1708 2092 1822 2119; x_wconf 85' lang='lat' dir='ltr'>soror</span> <span class='ocrx_word' id='word_1_190' title='bbox 1852 2084 1993 2118; x_wconf 81' lang='lat' dir='ltr'>contra</span> <span class='ocrx_word' id='word_1_191' title='bbox 2023 2080 2182 2130; x_wconf 89' lang='lat' dir='ltr'>impru-</span> 
     </span>
     <span class='ocr_line' id='line_1_22' title="bbox 563 2142 883 2182; baseline 0.006 -2"><span class='ocrx_word' id='word_1_192' title='bbox 563 2142 705 2181; x_wconf 90' lang='lat' dir='ltr'>denter</span> <span class='ocrx_word' id='word_1_193' title='bbox 731 2148 883 2182; x_wconf 87' lang='lat' dir='ltr'>utatur.</span> 
     </span>
    </p>

    <p class='ocr_par' dir='ltr' id='par_1_6' title="bbox 561 2209 2182 2451">
     <span class='ocr_line' id='line_1_23' title="bbox 614 2209 2181 2262; baseline 0.001 -15"><span class='ocrx_word' id='word_1_194' title='bbox 614 2209 747 2248; x_wconf 87' lang='lat' dir='ltr'>Timet</span> <span class='ocrx_word' id='word_1_195' title='bbox 775 2210 887 2248; x_wconf 87' lang='lat' dir='ltr'>enim</span> <span class='ocrx_word' id='word_1_196' title='bbox 906 2210 1036 2260; x_wconf 76' lang='lat' dir='ltr'>virgo,</span> <span class='ocrx_word' id='word_1_197' title='bbox 1066 2222 1164 2249; x_wconf 90' lang='lat' dir='ltr'>cum</span> <span class='ocrx_word' id='word_1_198' title='bbox 1184 2210 1260 2248; x_wconf 76' lang='lat' dir='ltr'>viri</span> <span class='ocrx_word' id='word_1_199' title='bbox 1281 2211 1419 2249; x_wconf 92' lang='lat' dir='ltr'>subito</span> <span class='ocrx_word' id='word_1_200' title='bbox 1439 2210 1693 2262; x_wconf 87' lang='lat' dir='ltr'>irrumpunt,</span> <span class='ocrx_word' id='word_1_201' title='bbox 1719 2222 1768 2249; x_wconf 90' lang='lat' dir='ltr'>ne</span> <span class='ocrx_word' id='word_1_202' title='bbox 1790 2211 1874 2249; x_wconf 75' lang='lat' dir='ltr'>vim</span> <span class='ocrx_word' id='word_1_203' title='bbox 1897 2210 1975 2249; x_wconf 86' lang='lat' dir='ltr'>sibi</span> <span class='ocrx_word' id='word_1_204' title='bbox 1996 2215 2034 2249; x_wconf 91' lang='lat' dir='ltr'>et</span> <span class='ocrx_word' id='word_1_205' title='bbox 2055 2209 2181 2250; x_wconf 90' lang='lat' dir='ltr'>choro</span> 
     </span>
     <span class='ocr_line' id='line_1_24' title="bbox 561 2274 2182 2327; baseline 0.001 -15"><span class='ocrx_word' id='word_1_206' title='bbox 561 2274 789 2313; x_wconf 88' lang='lat' dir='ltr'>amicarum</span> <span class='ocrx_word' id='word_1_207' title='bbox 811 2275 952 2314; x_wconf 90' lang='lat' dir='ltr'>serant.</span> <span class='ocrx_word' id='word_1_208' title='bbox 971 2275 992 2314; x_wconf 94' lang='lat' dir='ltr'>J</span> <span class='ocrx_word' id='word_1_209' title='bbox 997 2276 1095 2314; x_wconf 89' lang='lat' dir='ltr'>ubet</span> <span class='ocrx_word' id='word_1_210' title='bbox 1114 2287 1211 2326; x_wconf 87' lang='lat' dir='ltr'>ergo</span> <span class='ocrx_word' id='word_1_211' title='bbox 1231 2288 1298 2314; x_wconf 90' lang='lat' dir='ltr'>eas</span> <span class='ocrx_word' id='word_1_212' title='bbox 1318 2275 1474 2327; x_wconf 84' lang='lat' dir='ltr'>fugere,</span> <span class='ocrx_word' id='word_1_213' title='bbox 1493 2275 1596 2314; x_wconf 89' lang='lat' dir='ltr'>dum</span> <span class='ocrx_word' id='word_1_214' title='bbox 1623 2276 1712 2326; x_wconf 87' lang='lat' dir='ltr'>ipsa</span> <span class='ocrx_word' id='word_1_215' title='bbox 1737 2275 1881 2326; x_wconf 83' lang='lat' dir='ltr'>sugam</span> <span class='ocrx_word' id='word_1_216' title='bbox 1904 2275 2076 2326; x_wconf 88' lang='lat' dir='ltr'>quaerit.</span> <span class='ocrx_word' id='word_1_217' title='bbox 2092 2276 2182 2314; x_wconf 89' lang='lat' dir='ltr'>Ter·</span> 
     </span>
     <span class='ocr_line' id='line_1_25' title="bbox 563 2340 2177 2392; baseline 0.001 -16"><span class='ocrx_word' id='word_1_218' title='bbox 563 2351 650 2378; x_wconf 89' lang='lat' dir='ltr'>rore</span> <span class='ocrx_word' id='word_1_219' title='bbox 664 2352 757 2378; x_wconf 76' lang='lat' dir='ltr'>vero</span> <span class='ocrx_word' id='word_1_220' title='bbox 777 2340 972 2392; x_wconf 90' lang='lat' dir='ltr'>impulsa,</span> <span class='ocrx_word' id='word_1_221' title='bbox 996 2341 1231 2392; x_wconf 89' lang='lat' dir='ltr'>Apollinem</span> <span class='ocrx_word' id='word_1_222' title='bbox 1252 2346 1402 2386; x_wconf 86' lang='lat' dir='ltr'>exorat,</span> <span class='ocrx_word' id='word_1_223' title='bbox 1422 2354 1472 2379; x_wconf 88' lang='lat' dir='ltr'>ne</span> <span class='ocrx_word' id='word_1_224' title='bbox 1493 2341 1706 2386; x_wconf 90' lang='lat' dir='ltr'>moriatur,</span> <span class='ocrx_word' id='word_1_225' title='bbox 1730 2341 1968 2380; x_wconf 79' lang='lat' dir='ltr'>existimans</span> <span class='ocrx_word' id='word_1_226' title='bbox 1989 2353 2085 2379; x_wconf 88' lang='lat' dir='ltr'>eum</span> <span class='ocrx_word' id='word_1_227' title='bbox 2106 2341 2177 2391; x_wconf 93' lang='lat' dir='ltr'>qui</span> 
     </span>
     <span class='ocr_line' id='line_1_26' title="bbox 562 2406 1516 2451; baseline 0.001 -8"><span class='ocrx_word' id='word_1_228' title='bbox 562 2409 639 2443; x_wconf 69' lang='lat' dir='ltr'>stat</span> <span class='ocrx_word' id='word_1_229' title='bbox 664 2410 861 2451; x_wconf 85' lang='lat' dir='ltr'>armatus,</span> <span class='ocrx_word' id='word_1_230' title='bbox 891 2419 1035 2445; x_wconf 87' lang='lat' dir='ltr'>necem</span> <span class='ocrx_word' id='word_1_231' title='bbox 1061 2407 1290 2446; x_wconf 90' lang='lat' dir='ltr'>illaturum.</span> <span class='ocrx_word' id='word_1_232' title='bbox 1320 2406 1396 2445; x_wconf 88' lang='lat' dir='ltr'>Cui</span> <span class='ocrx_word' id='word_1_233' title='bbox 1424 2407 1516 2445; x_wconf 85' lang='lat' dir='ltr'>illc:</span> 
     </span>
    </p>
   </div>
   <div class='ocr_carea' id='block_1_5' title="bbox 929 2512 1840 2566">
    <p class='ocr_par' dir='ltr' id='par_1_7' title="bbox 929 2512 1840 2566">
     <span class='ocr_line' id='line_1_27' title="bbox 929 2512 1840 2566; baseline -0.001 -14"><span class='ocrx_word' id='word_1_234' title='bbox 929 2512 1100 2562; x_wconf 68' lang='grc' dir='ltr'>Ἄλλους</span> <span class='ocrx_word' id='word_1_235' title='bbox 1119 2512 1339 2564; x_wconf 67' lang='grc' dir='ltr'>κτάνοιμ’ἓιν</span> <span class='ocrx_word' id='word_1_236' title='bbox 1363 2514 1510 2564; x_wconf 67' lang='grc' dir='ltr'>μᾶλλον</span> <span class='ocrx_word' id='word_1_237' title='bbox 1531 2514 1678 2566; x_wconf 73' lang='grc' dir='ltr'>ἐχθίευς</span> <span class='ocrx_word' id='word_1_238' title='bbox 1698 2516 1797 2554; x_wconf 73' lang='grc' dir='ltr'>σέθεν</span> <span class='ocrx_word' id='word_1_239' title='bbox 1811 2514 1840 2551; x_wconf 80' lang='grc'>5.</span> 
     </span>
    </p>
   </div>
   <div class='ocr_carea' id='block_1_6' title="bbox 561 2631 2177 2812">
    <p class='ocr_par' dir='ltr' id='par_1_8' title="bbox 561 2631 2177 2812">
     <span class='ocr_line' id='line_1_28' title="bbox 612 2631 2177 2683; baseline -0.001 -13"><span class='ocrx_word' id='word_1_240' title='bbox 612 2631 698 2670; x_wconf 92' lang='lat' dir='ltr'>Hoc</span> <span class='ocrx_word' id='word_1_241' title='bbox 731 2636 869 2670; x_wconf 90' lang='lat' dir='ltr'>autem</span> <span class='ocrx_word' id='word_1_242' title='bbox 904 2632 1151 2683; x_wconf 89' lang='lat' dir='ltr'>pronomine</span> <span class='ocrx_word' id='word_1_243' title='bbox 1186 2633 1328 2680; x_wconf 69' lang='grc' dir='ltr'>ἄλλως</span> <span class='ocrx_word' id='word_1_244' title='bbox 1356 2632 1530 2671; x_wconf 87' lang='lat' dir='ltr'>obscure</span> <span class='ocrx_word' id='word_1_245' title='bbox 1559 2631 1681 2670; x_wconf 90' lang='lat' dir='ltr'>matri</span> <span class='ocrx_word' id='word_1_246' title='bbox 1711 2635 1749 2669; x_wconf 92' lang='lat' dir='ltr'>ct</span> <span class='ocrx_word' id='word_1_247' title='bbox 1777 2631 1973 2681; x_wconf 75' lang='lat' dir='ltr'>Aegistho</span> <span class='ocrx_word' id='word_1_248' title='bbox 2001 2635 2177 2669; x_wconf 84' lang='lat' dir='ltr'>mortem</span> 
     </span>
     <span class='ocr_line' id='line_1_29' title="bbox 561 2696 2176 2748; baseline 0 -14"><span class='ocrx_word' id='word_1_249' title='bbox 561 2697 756 2740; x_wconf 87' lang='lat' dir='ltr'>minatur,</span> <span class='ocrx_word' id='word_1_250' title='bbox 787 2709 892 2748; x_wconf 87' lang='lat' dir='ltr'>quos</span> <span class='ocrx_word' id='word_1_251' title='bbox 926 2696 1022 2735; x_wconf 88' lang='lat' dir='ltr'>dare</span> <span class='ocrx_word' id='word_1_252' title='bbox 1055 2709 1209 2747; x_wconf 89' lang='lat' dir='ltr'>poenas</span> <span class='ocrx_word' id='word_1_253' title='bbox 1239 2697 1367 2747; x_wconf 88' lang='lat' dir='ltr'>cupit,</span> <span class='ocrx_word' id='word_1_254' title='bbox 1395 2697 1497 2735; x_wconf 88' lang='lat' dir='ltr'>dum</span> <span class='ocrx_word' id='word_1_255' title='bbox 1532 2696 1689 2734; x_wconf 88' lang='lat' dir='ltr'>Electra</span> <span class='ocrx_word' id='word_1_256' title='bbox 1719 2696 1802 2733; x_wconf 82' lang='lat' dir='ltr'>vim</span> <span class='ocrx_word' id='word_1_257' title='bbox 1831 2707 2100 2734; x_wconf 88' lang='lat' dir='ltr'>communem</span> <span class='ocrx_word' id='word_1_258' title='bbox 2130 2708 2176 2734; x_wconf 91' lang='lat' dir='ltr'>ac</span> 
     </span>
     <span class='ocr_line' id='line_1_30' title="bbox 563 2760 2176 2812; baseline 0.001 -14"><span class='ocrx_word' id='word_1_259' title='bbox 563 2762 695 2799; x_wconf 89' lang='lat' dir='ltr'>multo</span> <span class='ocrx_word' id='word_1_260' title='bbox 715 2762 856 2799; x_wconf 87' lang='lat' dir='ltr'>minus</span> <span class='ocrx_word' id='word_1_261' title='bbox 888 2762 1148 2812; x_wconf 85' lang='lat' dir='ltr'>praefinitam</span> <span class='ocrx_word' id='word_1_262' title='bbox 1180 2762 1221 2800; x_wconf 90' lang='lat' dir='ltr'>in</span> <span class='ocrx_word' id='word_1_263' title='bbox 1250 2761 1394 2800; x_wconf 88' lang='lat' dir='ltr'>eodem</span> <span class='ocrx_word' id='word_1_264' title='bbox 1425 2762 1626 2800; x_wconf 68' lang='lat' dir='ltr'>vocabulo</span> <span class='ocrx_word' id='word_1_265' title='bbox 1647 2761 1778 2799; x_wconf 84' lang='lat' dir='ltr'>inesse</span> <span class='ocrx_word' id='word_1_266' title='bbox 1799 2761 2033 2800; x_wconf 86' lang='lat' dir='ltr'>arbitratur.</span> <span class='ocrx_word' id='word_1_267' title='bbox 2060 2760 2176 2799; x_wconf 82' lang='lat' dir='ltr'>Effla-</span> 
     </span>
    </p>
   </div>
   <div class='ocr_carea' id='block_1_7' title="bbox 609 2895 1258 3117">
    <p class='ocr_par' dir='ltr' id='par_1_9' title="bbox 615 2895 896 2936">
     <span class='ocr_line' id='line_1_31' title="bbox 615 2895 896 2936; baseline 0.007 -12"><span class='ocrx_word' id='word_1_268' title='bbox 615 2906 638 2925; x_wconf 81' lang='grc' dir='ltr'>ι.</span> <span class='ocrx_word' id='word_1_269' title='bbox 664 2895 776 2932; x_wconf 76' lang='grc' dir='ltr'><strong><em>Εἰεεί.,</em></strong></span> <span class='ocrx_word' id='word_1_270' title='bbox 797 2897 896 2936; x_wconf 77' lang='lat'>1-595.</span> 
     </span>
    </p>

    <p class='ocr_par' dir='ltr' id='par_1_10' title="bbox 614 2942 980 2984">
     <span class='ocr_line' id='line_1_32' title="bbox 614 2942 980 2984; baseline 0.005 -12"><span class='ocrx_word' id='word_1_271' title='bbox 614 2954 640 2972; x_wconf 73' lang='lat'>2.</span> <span class='ocrx_word' id='word_1_272' title='bbox 666 2942 795 2978; x_wconf 83' lang='lat' dir='ltr'>Ibidem,</span> <span class='ocrx_word' id='word_1_273' title='bbox 819 2945 980 2984; x_wconf 80' lang='lat'>596-1176.</span> 
     </span>
    </p>

    <p class='ocr_par' dir='ltr' id='par_1_11' title="bbox 610 2989 1138 3031">
     <span class='ocr_line' id='line_1_33' title="bbox 610 2989 1138 3031; baseline 0.009 -15"><span class='ocrx_word' id='word_1_274' title='bbox 610 2990 638 3018; x_wconf 78' lang='grc'>3.</span> <span class='ocrx_word' id='word_1_275' title='bbox 665 2989 791 3023; x_wconf 80' lang='lat' dir='ltr'>Ibidem,</span> <span class='ocrx_word' id='word_1_276' title='bbox 811 2991 956 3031; x_wconf 77' lang='lat'>596-958.</span> <span class='ocrx_word' id='word_1_277' title='bbox 974 2993 1138 3031; x_wconf 74' lang='lat'>950-1176.</span> 
     </span>
    </p>

    <p class='ocr_par' dir='ltr' id='par_1_12' title="bbox 609 3036 1258 3117">
     <span class='ocr_line' id='line_1_34' title="bbox 610 3036 1258 3079; baseline 0.005 -14"><span class='ocrx_word' id='word_1_278' title='bbox 610 3039 638 3068; x_wconf 64' lang='lat'>31.</span> <span class='ocrx_word' id='word_1_279' title='bbox 665 3036 791 3072; x_wconf 73' lang='lat' dir='ltr'>Ibidem,</span> <span class='ocrx_word' id='word_1_280' title='bbox 810 3037 962 3068; x_wconf 77' lang='lat' dir='ltr'>Orestes:</span> <span class='ocrx_word' id='word_1_281' title='bbox 982 3037 1051 3070; x_wconf 74' lang='grc' dir='ltr'>εἷεν.</span> <span class='ocrx_word' id='word_1_282' title='bbox 1074 3039 1258 3079; x_wconf 52' lang='grc' dir='ltr'>δρῦς-959.</span> 
     </span>
     <span class='ocr_line' id='line_1_35' title="bbox 609 3083 883 3117; baseline 0.018 -9"><span class='ocrx_word' id='word_1_283' title='bbox 609 3084 635 3111; x_wconf 66' lang='lat'>3.</span> <span class='ocrx_word' id='word_1_284' title='bbox 664 3083 790 3117; x_wconf 73' lang='lat' dir='ltr'>lbi-tem,</span> <span class='ocrx_word' id='word_1_285' title='bbox 816 3095 883 3114; x_wconf 70' lang='lat' dir='ltr'>·e:.³·÷.</span> 
     </span>
    </p>
   </div>
  </div>
 </body>
</html>
