2394 3660
1771 186 1787 195 a·

565 197 696 224 CAPUT
723 197 804 223 xvl.
828 207 877 213 --
906 197 958 222 DE
987 195 1193 222 IPHIGENIA
1222 195 1259 222 IN
1289 195 1448 222 AULIDE.
1769 199 1818 238 09

210 286 443 339 respondet,
473 285 536 324 vel
562 286 700 337 potius
725 285 804 324 hoc
837 285 926 336 ejus
952 295 1199 334 responsum
1234 285 1276 323 in
1308 284 1522 323 codicibus
1554 284 1816 323 invenimus:

583 392 648 440 Εἷς
666 392 812 440 ταύτόν,
836 390 865 431 ὦ
886 393 1061 442 θύγατερ,
1082 393 1187 440 ἥκεις
1207 396 1258 442 σῷ
1278 392 1390 442 πατρί
1407 389 1434 429 ¹.

258 504 459 544 Trimetro
485 509 623 543 autem
654 516 736 543 una
766 504 920 554 syllaba
948 502 1075 544 deest.
1106 515 1203 540 cum
1234 502 1275 540 in
1309 502 1522 540 scansione
1549 504 1708 555 θύγατερ
1739 505 1821 539 tan-

205 574 297 607 tum
325 580 347 606 e
378 568 572 606 brevibus
603 573 774 607 constet.
803 567 956 606 Versus
980 566 1108 616 igitur
1136 566 1418 616 corrigendus.
1451 566 1620 616 Scripsit
1650 565 1819 615 quidem

206 633 252 672 G.
284 632 575 672 Hermannus:

556 710 622 759 Εἷς
640 711 770 750 τπῦτὲν
791 712 904 760 ἡμεῖς
925 724 995 758 σοι,
1019 711 1058 748 σύ
1081 710 1112 749 θ’
1128 712 1234 758 ἥκεις
1256 714 1306 759 τῷ
1328 710 1452 760 πατρί.

205 820 278 861 ubi
300 821 546 872 significatio
565 820 790 872 probabilis
808 820 982 859 nimiam
1003 819 1132 858 critici
1149 819 1521 858 commutationem
1538 831 1621 858 non
1638 823 1818 864 excusat,

205 897 333 937 quam
352 886 396 924 in
417 885 552 924 media
574 885 746 924 trimetri
767 890 879 936 parte
901 885 1078 936 recipere
1101 896 1227 923 ausus
1248 889 1322 922 est.
1352 884 1503 923 Contra
1529 884 1603 922 Th.
1636 884 1707 922 Fix
1734 895 1821 934 pro-

205 951 344 1003 posuit
362 964 370 990 :

566 1010 632 1058 Εἷς
651 1010 779 1050 ταῦ-,ὲν
800 1012 905 1060 ἥκεις
926 1009 986 1049 καὶ
1009 1010 1063 1054 σὺ,
1088 1012 1260 1063 θύγατερ,
1287 1014 1338 1049 τῶ
1358 1010 1485 1061 πατρί.

254 1123 305 1162 At
332 1123 445 1162 enim
475 1124 677 1162 Porsonni
710 1124 844 1174 legem
874 1123 1062 1162 violavit?
1091 1123 1233 1161 Editor
1262 1128 1402 1161 autem
1439 1123 1525 1173 ipse
1557 1122 1739 1167 tentavit,
1776 1126 1822 1160 ut

206 1188 537 1228 emendationem
573 1189 625 1227 ab
663 1189 741 1228 hoc
776 1189 949 1228 crimine
983 1189 1222 1227 vindicaret.
1259 1188 1435 1238 «Longa
1479 1187 1631 1236 syllaba
1668 1186 1818 1232 finalis,

204 1254 356 1306 inquit,
384 1254 427 1293 in
456 1254 601 1306 quinta
631 1254 821 1293 anacrusi
850 1254 1156 1292 excusationem
1183 1254 1235 1292 ab
1265 1253 1597 1304 interpunctione
1617 1252 1818 1302 accipit.»

204 1320 363 1359 Addere
392 1321 515 1359 etiam
544 1321 678 1371 potuit
707 1321 932 1359 nonnullos
967 1320 1079 1371 apud
1115 1319 1356 1370 Euripidem
1390 1320 1595 1357 trimetros
1630 1318 1819 1363 inveniri,

211 1385 284 1424 ubi
309 1373 428 1437 poeta
453 1385 715 1425 Atheniensis
741 1385 928 1436 regulam
956 1386 1068 1424 illam
1096 1385 1309 1436 neglegere
1336 1397 1420 1423 non
1446 1382 1734 1422 dubitaverit2.

257 1451 378 1490 Haud
412 1451 566 1490 scimus
595 1452 722 1502 igitur
755 1464 807 1490 an
839 1451 1048 1502 Euripidis
1077 1450 1424 1489 consuetudinem
1454 1450 1496 1487 in
1527 1450 1660 1499 legem
1689 1461 1821 1487 recen-

208 1517 326 1556 tiores
348 1517 635 1561 converterint‚
657 1521 703 1554 ut
723 1528 864 1554 versus
894 1516 982 1566 ejus
1013 1516 1274 1559 correxerint,
1303 1527 1410 1566 quos
1438 1515 1524 1565 ipse
1551 1514 1817 1565 probavisset.

204 1581 445 1620 Cavendum
466 1586 526 1620 est
545 1582 656 1620 enim
679 1594 729 1619 ne
750 1582 791 1619 in
820 1581 884 1619 his
913 1581 1092 1619 metricis
1118 1581 1257 1627 rebus,
1286 1593 1389 1631 quas
1417 1580 1534 1618 valde
1561 1580 1818 1630 ignoramus,

205 1647 336 1686 simus
367 1647 672 1698 antiquioribus
699 1647 799 1698 ipsis
824 1646 1090 1685 difficiliores
1121 1647 1223 1684 Nam
1245 1646 1352 1684 hanc
1379 1647 1526 1696 legem.
1557 1658 1683 1696 quam
1711 1645 1822 1682 insti-

206 1713 284 1751 tuit
313 1712 574 1751 Britannicus
605 1713 817 1757 metricus,
850 1717 1007 1750 constat
1045 1713 1227 1750 comicos
1262 1712 1485 1761 neglexisse
1520 1722 1686 1754 omnes;
1726 1710 1821 1760 quis

204 1790 298 1817 vero
318 1790 507 1830 unquam
527 1778 570 1816 in
593 1778 800 1828 tragoedia
820 1777 990 1828 propius
1013 1776 1208 1828 Euripide
1229 1777 1487 1815 comoediam
1508 1781 1567 1814 est
1585 1776 1821 1814 insecutus?

205 1844 322 1884 Absit
351 1849 489 1882 tamen
519 1849 565 1882 ut
600 1843 902 1882 contendamus
938 1842 1114 1893 hujusce
1150 1842 1264 1881 modi
1301 1843 1506 1880 trimetros
1543 1841 1584 1879 in
1626 1840 1821 1892 operibus

203 1914 346 1961 poetae
379 1909 509 1948 nostri
542 1909 769 1953 abundare,
806 1920 904 1946 cum
946 1913 1088 1946 contra
1123 1908 1355 1946 rarissimos
1391 1920 1477 1945 esse
1513 1919 1658 1945 omnes
1699 1906 1822 1944 confi-

203 1979 385 2019 teantur;
422 1986 506 2012 non
536 1979 674 2013 tamen
707 1974 787 2013 hoc
814 1985 861 2012 eo
893 1973 1009 2017 valet,
1043 1979 1088 2012 ut
1107 1986 1277 2025 prorsus
1299 1985 1320 2011 e
1341 1972 1564 2023 tragoedia,
1588 1972 1667 2010 nisi
1688 1971 1818 2015 fallor,

203 2039 474 2090 expellantur,
506 2051 621 2085 neve,
654 2051 752 2077 cum
782 2038 863 2076 sint
896 2037 1154 2089 paucissimi,
1193 2037 1489 2076 recentioribus
1523 2037 1637 2075 liceat
1676 2048 1820 2074 eorum

202 2104 390 2155 exemplo
414 2104 491 2150 uti,
519 2117 603 2155 quo
628 2105 767 2156 plures
795 2104 908 2142 fiant.

255 2169 368 2216 Inde,
391 2169 734 2221 quandoquidem
754 2169 855 2208 haec
875 2169 1072 2207 correctio
1093 2168 1216 2206 habet
1236 2168 1350 2219 quod
1370 2168 1566 2213 offendat,
1590 2168 1638 2206 H.
1675 2167 1820 2206 Weilio

203 2234 434 2286 improbata
458 2239 533 2281 est,
561 2235 634 2286 qui
661 2235 850 2287 scripsit:

607 2336 615 2347 .
707 2337 716 2349 ,
745 2337 753 2348 x
829 2335 845 2346 τ
950 2335 967 2351 2
1022 2338 1027 2348 ,
1195 2335 1235 2350 m.
1414 2337 1420 2345 ,

572 2338 637 2384 Εις
656 2351 784 2376 ’.σω-,ον
808 2338 920 2385 αυθις,
944 2353 972 2376 ω
993 2339 1166 2390 θυγατερ,
1188 2350 1292 2385 ηςεις
1312 2351 1439 2389 πατρι-

256 2448 407 2487 Sensus
427 2449 696 2488 clarissimus.
716 2449 1013 2488 Consolaturus
1028 2449 1141 2487 enim
1161 2453 1275 2499 pater
1295 2452 1450 2493 natam,
1474 2447 1527 2485 ita
1550 2447 1664 2485 tectis
1687 2445 1820 2484 verbis

201 2514 400 2565 loquitur,
428 2519 475 2553 ut
500 2515 709 2565 intellegat
740 2527 795 2560 se,
828 2515 1013 2553 confecto
1039 2514 1161 2559 bello,
1189 2513 1303 2552 domi
1331 2525 1427 2551 eum
1449 2512 1692 2557 revisuram,
1715 2511 1819 2550 dum

202 2578 342 2618 inferis
362 2579 523 2626 alludit,
545 2580 740 2627 ubialter
759 2592 857 2619 cum
878 2580 999 2619 altera
1019 2584 1113 2630 post
1133 2584 1309 2618 mortem
1330 2578 1558 2617 conveniet.

255 2643 327 2683 Illa
356 2655 449 2683 vero
482 2649 712 2695 auguratur
743 2645 1101 2695 Agamemnonem
1134 2644 1369 2682 diutissime
1408 2643 1684 2682 abfuturum:
1729 2641 1819 2679 ideo

203 2708 318 2760 cupit
343 2720 441 2747 cum
467 2721 514 2748 eo
541 2709 583 2748 in
611 2721 758 2749 navem
785 2709 1074 2748 conscendere.
1105 2708 1183 2747 Cui
1211 2709 1304 2747 ille:

558 2808 711 2850 ’Ἐς-,εστι
734 2810 795 2850 καὶ
816 2811 870 2849 σοὶ
890 2811 1022 2860 πλοῦς,
1044 2812 1106 2850 ἵνα
1127 2813 1256 2860 μνήσει
1277 2812 1416 2863 πατρός
1428 2829 1459 2848 o

256 2920 280 2938 ι.
307 2908 410 2948 Iphiy.
429 2909 461 2939 in
476 2909 563 2946 Aul„
580 2909 652 2940 665.

250 2966 278 2987 2.
305 2956 414 2988 Liceat
434 2965 635 2988 enumerare
661 2967 758 2996 quos,
787 2959 979 2989 Nauckiana
1003 2959 1151 2988 editione
1176 2959 1304 2988 cursim
1327 2958 1474 2993 evoluta,
1502 2957 1709 2988 notavimus.
1736 2955 1818 2990 Alc„

199 3003 276 3042 ⁶37ss
302 3003 465 3039 Androm..
490 3004 566 3038 230:
590 3004 682 3039 mid..
707 3005 782 3040 346:
809 3004 902 3040 lbid„
924 3005 1002 3044 875:
1027 3006 1115 3040 Hem,
1138 3015 1212 3045 729:
1243 3006 1288 3045 lp.
1311 3006 1340 3035 in
1364 3005 1449 3041 Au1.,
1468 3005 1544 3036 530:
1563 3005 1644 3036 Ion..
1668 3013 1694 3038 ι;
1714 3002 1818 3034 Herc..

208 3050 300 3086 1338;
319 3051 452 3089 Phoar„
470 3052 540 3091 747.

254 3098 281 3128 3.
310 3097 412 3137 1ρ1ιὶ9.
434 3098 465 3128 ἱη
480 3099 566 3136 Aul„
583 3099 654 3138 667.

2377 406 2384 557 .---..‚
2379 366 2382 374 .

2386 2996 2394 3660 --.-.=——-·—.-——n-=—-a-—-—.2*‹-..i-.-.-.-.-.¹
2388 2918 2394 2975 a...
