2394 3660
903 192 1033 220 CAPUT
1062 192 1105 218 11.
1128 200 1176 206 -
1207 191 1258 216 DE
1288 190 1436 216 MEDEA.
1931 193 1973 230 17

418 282 618 322 Videmus
636 283 765 332 igitur
791 282 833 320 in
859 294 904 320 ea
934 281 1074 319 fabula
1099 279 1364 318 artificiosam
1392 278 1609 316 mulierem
1637 276 1722 314 viro
1749 277 1843 314 sorti
1870 290 1978 327 prae-

366 352 483 386 stare.
499 347 668 399 Saepius
684 348 795 386 enim
816 347 959 385 docuit
978 350 1129 387 noster,
1149 348 1305 394 quanto
1323 343 1455 381 nemis
1471 342 1686 385 calliditas,
1701 346 1805 380 artes
1823 342 1978 379 viribus

365 413 664 451 antecellerent.
707 412 847 463 Neque
884 411 997 450 enim
1025 410 1078 454 vi,
1118 421 1250 459 neque
1284 408 1488 446 violentia.
1527 407 1597 445 sed
1631 407 1773 444 fraude
1807 419 1852 444 ac
1887 407 1981 444 dolo

367 477 507 517 Medea
538 478 725 516 Iasonem
755 477 984 520 ulciscitur,
1013 487 1111 514 cum
1144 475 1293 512 iisdem
1326 474 1568 516 mendaciis,
1605 472 1761 523 quibus
1794 472 1979 522 conjugi.

367 543 470 593 quid
502 543 662 585 sentiat,
699 542 950 585 dissimulet,
988 540 1287 591 spectatoribus
1317 539 1433 589 ipsis,
1470 551 1516 576 ex
1550 538 1821 588 ambiguitate
1855 549 1981 588 quam

366 608 593 652 continent,
625 620 768 646 verum
794 607 952 658 prodat.

421 674 608 713 Primum
628 673 739 712 enim
762 673 981 723 impetrare
1001 676 1186 712 conatur.
1209 674 1431 722 postquam
1453 670 1582 708 Creon
1605 669 1863 708 contii-mavit
1893 681 1983 707 eam

369 739 510 778 exsilio
539 737 751 781 multari1,
784 742 829 775 ut
856 736 1044 775 Corinthi
1074 735 1279 775 maneat&
1313 735 1466 773 Omnes
1500 747 1593 773 vero
1621 735 1710 785 jam
1739 734 1988 772 audiverunt

369 817 460 844 eam
479 804 530 843 ab
552 804 695 842 Iasone
714 807 754 841 et
774 802 826 853 ab
846 802 962 841 omni
990 801 1096 852 regis
1122 800 1276 840 familia
1303 812 1479 851 poenam
1509 812 1670 838 sumere
1696 800 1797 838 velle
1809 799 1840 836 3.
1872 798 1984 837 Inde.

370 882 468 909 cum
488 872 660 908 testatur
680 880 721 906 sc
741 867 846 905 nihil
867 867 1016 904 infensi
1037 870 1179 905 contra
1200 865 1416 904 Creontem
1434 865 1584 907 moliri,
1609 870 1698 903 tum
1720 865 1761 902 in
1782 863 1987 914 ejusmodi

370 934 553 974 oratione
573 932 678 972 nihil
698 932 778 970 nisi
799 932 950 970 salsum
971 944 1059 970 esse
1080 931 1356 982 comperiunt.
1382 930 1461 969 L'bi
1483 942 1576 969 vero
1595 929 1807 968 contendit
1833 940 1986 978 regem,

370 999 524 1038 Creusa
544 997 679 1036 Iasoni
701 1010 825 1036 uxore
845 997 954 1041 data,
978 996 1082 1034 nihil
1111 996 1256 1046 injusti
1284 1007 1472 1046 unquam
1500 996 1659 1038 secisse,
1677 995 1766 1045 jam
1793 994 1989 1032 dubitant

371 1068 513 1102 utrum
533 1075 625 1102 vere
645 1067 684 1101 et
703 1067 840 1113 aperte
861 1063 1069 1113 loquatur,
1092 1073 1235 1100 necne.
1260 1061 1348 1099 Hoc
1367 1066 1504 1099 autem
1528 1073 1646 1098 versu
1668 1060 1731 1097 rix
1755 1060 1943 1098 recitato:

743 1162 813 1202 Καὶ
835 1167 893 1202 νῦν
913 1164 953 1202 τὲ
976 1164 1040 1213 μὲν
1061 1163 1122 1202 ccv
1145 1163 1183 1202 εὖ
1204 1165 1321 1215 φθονῶ
1342 1163 1471 1210 καλῶς
1494 1163 1590 1213 ἔχειν
1605 1160 1636 1202 [1,

376 1268 464 1304 tum
492 1264 665 1304 demum
695 1277 779 1303 non
808 1264 1050 1315 ambigitur.
1083 1264 1186 1314 quin
1214 1277 1258 1302 ea
1291 1276 1396 1313 quae
1435 1263 1549 1313 prius
1586 1262 1746 1302 dixerit.
1791 1259 1992 1299 malitiose

373 1330 602 1381 protulerit.
637 1330 755 1373 Nam,
787 1342 884 1368 cum
914 1329 1147 1380 praevideat
1178 1328 1427 1370 felicitatem.
1460 1341 1543 1378 qua
1570 1340 1636 1365 rex
1668 1326 1789 1364 hodie
1824 1325 1987 1364 fruitur.

374 1396 539 1434 brevem
560 1395 658 1438 fore,
676 1395 828 1433 'callide
847 1395 1025 1433 affirmat
1046 1407 1087 1432 sc
1108 1394 1143 1432 ei
1164 1406 1245 1432 non
1277 1393 1471 1431 invidere.
1507 1392 1551 1430 Id
1577 1392 1747 1442 quidem
1775 1392 1993 1429 Creontem

374 1473 457 1500 non
483 1461 603 1511 fugit,
634 1460 706 1511 qui
733 1460 953 1511 respondet
982 1472 1022 1498 se
1050 1460 1190 1497 minus
1216 1459 1305 1509 ejus
1332 1458 1465 1496 verbis
1486 1470 1612 1508 quam
1635 1457 1750 1506 prius
1771 1456 1990 1494 confidere.

428 1526 504 1564 vix
523 1530 662 1564 autem
684 1525 811 1564 sensit
832 1525 982 1563 mulier
1001 1537 1138 1575 regem
1161 1523 1348 1563 Corinthi
1375 1522 1646 1574 permanendi
1674 1521 1883 1560 licentiam
1911 1532 1993 1558 non

375 1592 588 1633 daturum,
631 1603 730 1630 cum
767 1603 863 1629 eum
909 1595 954 1628 ut
988 1602 1147 1629 moram
1192 1590 1336 1628 saltem
1377 1588 1518 1627 exsilio
1556 1588 1709 1627 afferat,
1757 1586 1820 1624 his
1862 1585 2009 1630 verbisv

376 1661 588 1708 precatur:
928 1656 930 1659 ’

747 1711 844 1750 Μίαν
867 1725 912 1760 με
934 1713 1055 1760 μεῖναι
1076 1709 1178 1759 τὴνδ’
1200 1709 1306 1748 {xz-:v
1327 1709 1470 1761 ἡμέραν

746 1772 808 1811 καὶ
830 1770 1058 1825 {agir-spine
1080 1770 1237 1824 φρεντίῖ
1259 1787 1281 1825 ῃ
1305 1768 1544 1822 φευξεὺμ.εθα,

749 1835 871 1874 παισίν
891 1832 930 1873 τ’
946 1834 1113 1887 ἀφερμὴν
1133 1836 1213 1881 τοῖς
1234 1833 1341 1883 eucig
1352 1833 1418 1870 5...

433 1934 471 1973 Is
491 1934 713 1973 arbitratur
732 1939 909 1973 matrem
931 1934 1045 1973 hunc
1066 1945 1201 1972 unum
1222 1934 1332 1972 diem
1355 1933 1573 1983 requirere,
1599 1936 1643 1969 ut
1672 1943 1812 1970 seeum
1842 1935 1999 1980 reputet

379 2012 504 2051 quem
526 1999 568 2038 in
588 2001 744 2044 locum,
767 2012 814 2038 ex
835 2000 937 2038 urbe
953 2012 1129 2050 egressa,
1151 2003 1268 2038 natos
1285 1999 1336 2037 sit
1351 1998 1527 2037 ductura
1546 1997 1621 2036 salx
1633 2009 1677 2035 os
1700 2001 1736 2035 et
1754 1996 1996 2034 incolumes.

379 2065 511 2104 Verba
532 2077 626 2104 vero
647 2065 872 2119 ξυμπερᾶναι
894 2066 1077 2119 epra-,4325
1103 2063 1332 2117 φευξεὺμεθκ
1358 2063 1516 2115 aliquid
1543 2061 1762 2101 obscurius
1788 2060 1998 2112 praebent.

378 2131 471 2170 Jam
498 2131 680 2182 suspicio
707 2131 749 2169 in
777 2135 915 2170 mente
941 2131 1123 2169 exoritur
1147 2130 1198 2169 de
1232 2130 1396 2168 insidiis
1425 2141 1530 2180 quas
1559 2127 1816 2179 comparabit
1846 2131 1999 2165 nostra.

380 2196 503 2246 Quod
535 2197 735 2248 sequitur,
768 2208 867 2235 cum
893 2196 1044 2235 liberos
1070 2195 1285 2235 occidendi
1316 2195 1539 2234 consilium
1564 2192 1819 2244 jamdudum
1850 2192 2001 2231 inierit.

381 2261 527 2300 mortis
550 2261 774 2312 imaginem
796 2261 839 2299 in
862 2266 1044 2300 mentem
1066 2261 1212 2311 injicit,
1236 2273 1364 2311 quam
1393 2259 1548 2298 scimus
1575 2258 1737 2296 miseris
1764 2256 2002 2308 perfugium

382 2338 429 2365 ac
453 2331 623 2378 portum
650 2327 747 2365 sore.

434 2390 528 2429 Jam
553 2402 648 2429 vero
674 2391 716 2428 in
745 2391 928 2430 secundo
955 2391 1175 2443 ἐπεισεέίῳῦ
1209 2402 1311 2429 uxor
1338 2390 1395 2427 ira
1425 2401 1594 2427 accensa
1623 2388 1710 2426 xiro
1739 2387 1810 2426 dat
1840 2386 2005 2425 crimini

385 2456 628 2507 nequitiam.
666 2456 863 2505 Quandiu
892 2457 1004 2495 enim
1036 2456 1211 2507 speravit
1246 2469 1287 2494 se
1322 2455 1509 2494 Iasonem
1544 2454 1596 2492 acl
1630 2453 1849 2504 pristinam
1882 2451 2005 2489 Iidem

385 2521 665 2562 reducturam,
696 2522 821 2560 minis
848 2522 1062 2560 abstinuit.
1096 2522 1169 2559 xix
1201 2526 1339 2560 autem
1369 2519 1567 2570 comperit
1600 2532 1640 2557 se
1670 2519 1819 2556 frustra
1840 2529 2005 2568 operam

442 2632 467 2653 1.
493 2622 591 2660 Med„
610 2632 662 2662 ²7¹
684 2633 757 2662 sqq.

440 2680 468 2700 τι.
495 2669 623 2706 Ibidem,
642 2670 700 2700 313
718 2680 790 2709 sqq.

438 2718 467 2747 3.
494 2716 621 2752 Ibidem,
644 2717 710 2754 114,
733 2718 788 2747 163
805 2728 868 2756 sq.,
888 2718 946 2749 260
963 2728 1026 2757 sq„
1044 2718 1114 2757 207.

438 2765 468 2800 4.
494 2763 623 2801 widem,
639 2765 710 2795 312.

440 2812 470 2841 Γ).
496 2811 589 2846 1bid.‚
614 2811 674 2848 340
697 2822 770 2851 sqq.
795 2813 842 2843 De
863 2814 1016 2852 ejusdem
1033 2813 1251 2843 consonantis
1269 2813 1457 2843 iteratione.
1476 2812 1516 2841 cs.
1537 2810 1632 2846 Med„
1651 2809 1721 2841 305.
1739 2809 1816 2848 476;
1835 2810 1881 2847 11).
1903 2809 2008 2844 T‹zur.,

389 2858 458 2899 766.
478 2875 513 2880 -
533 2858 625 2889 Idem
643 2860 827 2890 artificium
844 2861 937 2898 apud
953 2861 1154 2899 Sophoclem
1174 2860 1326 2890 inuenire
1338 2861 1397 2889 est.
1411 2859 1459 2889 Cr.
1476 2857 1579 2896 Ajac„
1597 2865 1690 2891 1112;
1706 2859 1792 2893 .·tnt.,
1811 2865 1860 2885 101
1876 2864 1883 2889 ;
1899 2855 2010 2889 litt-ct„

389 2916 459 2941 210,
487 2906 558 2942 234,
584 2905 655 2947 295.
680 2906 756 2942 504;
783 2907 864 2938 Oed-
882 2909 934 2943 R„
958 2908 1029 2948 309.
1045 2924 1082 2931 —
1099 2907 1314 2938 Credendum
1336 2909 1385 2937 est
1411 2906 1518 2944 igitur
1541 2905 1686 2942 tragicos
1707 2904 1872 2942 quosdam
1896 2912 2012 2932 conso-

390 2956 508 2985 nantes
523 2954 740 2994 (praesertim
757 2966 791 2993 π,
810 2966 841 2990 σ,
860 2954 892 2993 τ)
906 2956 1050 2987 consilio
1063 2955 1342 2988 accumulavisse.
1359 2963 1429 2993 quo
1445 2953 1514 2983 vim
1533 2953 1697 2991 majorem
1714 2951 1881 2990 expressis
1893 2950 2012 2980 darent

388 3001 576 3033 sententiis.
601 3001 691 3032 Licet.
709 3002 803 3032 enim
828 3002 928 3041 plura
950 3003 1105 3043 exempla
1129 3004 1265 3041 referre,
1286 3011 1436 3041 quorum
1460 3002 1574 3041 ipsum
1598 3000 1858 3041 Aristophanem
1883 2998 2012 3042 constat

386 3051 458 3089 jam
474 3049 645 3080 nonnulla
661 3049 697 3079 in
715 3049 890 3088 Euripidis
906 3051 1031 3081 sabulis
1048 3051 1226 3081 notan-isse.

431 3098 461 3126 6.
496 3095 592 3133 Med„
611 3095 756 3132 [mo-62¹5.
