2394 3660
496 265 520 304 8
1154 263 1450 291 rnoomutu.

495 368 746 413 ceterosque,
770 370 853 410 quo
872 367 1081 408 quemque
1101 355 1191 392 loco
1211 350 1521 402 disponendum
1541 361 1629 388 esse
1643 353 1819 400 putaret,
1839 354 1950 389 stans
1965 349 2114 388 deinde

496 430 583 480 ipse
603 426 654 465 ab
675 424 874 464 anteriore
891 426 1018 472 parte,
1042 417 1310 468 manipulum
1325 416 1452 466 jussit
1470 414 1663 466 progredi
1683 427 1690 452 :
1720 417 1897 468 πρεϊέναε.
1920 414 2113 454 Protinus

493 491 657 544 juvenis
678 491 744 528 ille
764 497 1006 539 progressus
1027 488 1120 522 ante
1139 480 1344 531 manipuli
1365 480 1634 531 praesectum,
1655 479 1769 530 prior
1789 479 1969 518 incessit.
1992 479 2114 529 Quod

498 569 594 597 cum
628 555 729 593 vidit
763 554 795 591 is
826 551 897 602 qui
927 548 1084 588 cohorti
1114 550 1323 598 praeerat:
1357 544 1503 594 «Quid
1527 544 1630 594 agis,
1660 544 1801 595 homo,
1824 544 1905 583 ait?
1925 558 1944 581 i)
1966 567 2016 573 —
2036 543 2115 582 Cui

501 623 645 661 miles:
685 634 703 655 «
724 615 977 666 Progredior,
1009 617 1056 650 ut
1088 611 1265 662 jussisti.
1288 624 1306 646 »
1330 632 1379 637 -—
1399 609 1506 647 Tum
1533 608 1627 647 ille:
1659 623 1677 646 «
1698 609 1823 660 Atqui
1863 621 1938 659 ego
1963 621 2047 648 non
2077 613 2115 646 te

503 688 652 728 solum,
677 683 745 721 scd
766 692 909 719 omnes
930 676 1122 730 progredi
1137 675 1259 726 jussi.
1281 689 1300 710 n
1323 674 1414 723 Quo
1435 673 1590 717 audito,
1614 673 1665 712 ad
1687 673 1817 711 socios
1838 673 2117 725 manipulares

496 749 661 801 juvenis
677 756 898 786 conversus
915 756 924 781 ε
951 757 968 779 «
987 742 1131 780 Nonne
1151 739 1318 782 auditis,
1342 738 1492 788 inquit,
1515 749 1612 776 eum
1633 737 1946 788 objurgantem)
1963 737 2117 776 Omnes

504 813 691 867 progredi
713 811 832 862 jubet
851 822 859 847 :
882 807 1044 861 πρεέεναι
1066 808 1204 852 πάντας
1223 805 1382 844 κελεύει.
1404 818 1422 840 »
1445 803 1552 841 Tum
1580 803 1654 841 viri
1683 803 1836 847 cuncti,
1866 803 2115 854 praesectum

504 877 706 929 manipuli
722 872 1023 926 praetergressi,
1043 871 1094 909 ad
1111 869 1291 908 cohortis
1305 868 1470 912 ducem,
1489 880 1675 919 perverse
1691 880 1835 907 omnes
1851 868 1928 907 hoc
1944 867 2117 906 verbum

505 946 665 998 πρεϊὲναι
693 937 959 989 interpretati.
989 939 1202 974 venerunt.

560 1007 623 1045 Sic
651 1005 878 1055 subjectam
905 1002 947 1039 in
975 999 1186 1038 vocabulis
1212 997 1424 1048 duplicem
1451 997 1810 1047 significationem.
1840 1010 1947 1049 quae
1971 998 2014 1036 in
2043 997 2120 1035 hac

507 1070 790 1122 Xenophontis
810 1064 1111 1106 historiuncula
1132 1064 1264 1102 risum
1284 1062 1447 1101 lectoris
1475 1067 1625 1107 movet,
1654 1067 1878 1114 potuerunt
1906 1063 2121 1113 scriptores

510 1138 551 1176 in
573 1137 698 1175 libros
718 1133 947 1176 transferre,
971 1141 1151 1181 quorum
1173 1128 1334 1179 primus
1356 1128 1461 1165 inter
1480 1139 1625 1165 omnes
1652 1127 1856 1166 Homerus
1882 1138 2122 1166 enumeran-

509 1203 588 1241 dus
608 1206 680 1244 est,
704 1197 941 1251 praesertim
962 1197 1004 1233 in
1028 1195 1204 1244 Odyssea
1226 1201 1269 1248 τῇ
1293 1193 1492 1247 ἀμςιέελίᾳ
1512 1205 1628 1237 usus,
1652 1197 1697 1231 ut
1717 1193 1846 1232 [lixis
1867 1193 2064 1231 callidum
2086 1197 2123 1230 et

510 1266 776 1306 artificiosum
800 1261 1013 1313 ingenium
1037 1259 1316 1310 depingerem.
1337 1257 1520 1296 Eandem
1537 1270 1630 1296 vero
1645 1258 1959 1308 ambiguitatem
1975 1257 2123 1296 comici

512 1344 593 1371 non
616 1331 892 1380 neglexerunt,
918 1338 1022 1377 quae
1043 1325 1100 1363 eis
1120 1323 1335 1362 materiam
1352 1322 1512 1360 ridendi
1528 1334 1654 1373 prope
1671 1323 1876 1361 infinitam
1891 1323 2120 1374 praebuit2‚

510 1409 606 1436 cum
641 1408 662 1433 a
702 1393 863 1444 tragicis
903 1390 1172 1442 scriptoribus
1210 1389 1261 1426 ad
1301 1388 1555 1426 severitatem
1593 1388 1689 1426 artis
1726 1388 2120 1426 accommodaretur.

511 1464 643 1511 Quam
665 1472 761 1499 curn
782 1459 825 1496 in
845 1458 923 1496 hoc
942 1455 1081 1494 libello
1100 1454 1308 1505 inquirere
1324 1453 1592 1497 voluerimus,
1611 1453 1709 1492 haec
1726 1454 1845 1492 nobis
1860 1454 1975 1504 prius
1991 1453 2125 1491 dicere

509 1527 640 1569 liceat,
673 1536 756 1575 quo
784 1523 944 1561 facilius
979 1533 1001 1559 a
1029 1521 1177 1559 lectore
1207 1518 1481 1566 intellegatur,
1510 1518 1721 1569 quomodo
1745 1518 1856 1569 apud
1883 1517 2123 1569 Euripidem

512 1590 624 1629 haud
651 1590 705 1628 ita
725 1599 815 1626 raro
842 1586 1078 1637 reperiatur.

564 1655 670 1694 Cum
691 1658 768 1692 stat
788 1653 831 1691 in
851 1651 1066 1703 proscenio
1086 1660 1276 1700 persona,
1299 1660 1406 1698 quae
1424 1652 1559 1698 partes
1579 1648 1641 1687 vel
1656 1648 1826 1699 primas,
1845 1648 1908 1686 vel
1923 1646 2125 1686 secundas

512 1722 608 1772 agit.
631 1725 771 1772 poetae
793 1718 938 1770 primis
959 1730 979 1755 e
1000 1715 1134 1754 verbis
1154 1718 1415 1758 curaverunt,
1439 1719 1485 1752 ut
1506 1715 1673 1753 nomine
1699 1713 2011 1765 appellaretur3.
2036 1711 2125 1751 Non

512 1787 623 1825 enirn
643 1798 665 1824 e
684 1785 845 1828 vestitu,
869 1795 953 1834 quo
979 1781 1244 1824 induebatur,
1276 1780 1373 1818 satis
1399 1779 1701 1830 perspiciebant
1731 1784 1990 1830 spectatores,
2019 1777 2126 1828 quis-

513 1864 611 1890 nam
632 1850 907 1889 induceretur.
932 1848 970 1886 Is
990 1858 1087 1896 ergo
1109 1858 1149 1884 se
1171 1845 1258 1896 ipse
1277 1844 1449 1882 vixdum
1476 1844 1686 1894 ingressus
1715 1843 1968 1886 nominabat,
1990 1843 2054 1880 vel
2075 1843 2126 1881 ab

514 1917 604 1954 aliis
630 1914 936 1954 nominabatur.
961 1911 1082 1961 Quod
1109 1911 1151 1949 in
1177 1909 1405 1948 veterrimis
1424 1909 1644 1960 tragoediis
1663 1909 1999 1960 deprehenditur,
2022 1919 2128 1958 quae

514 1981 631 2020 nobis
653 1980 821 2019 traditae
842 1983 952 2016 sunt.
976 1977 1079 2015 Nam
1100 1976 1144 2014 in
1164 1975 1303 2014 Persis
1323 1974 1438 2013 chori
1458 1975 1664 2025 princeps,
1687 1986 1785 2012 cum
1807 1974 1849 2011 in
1870 1973 2123 2012 orchestram

520 2046 714 2084 undecim
741 2044 873 2083 socios
901 2043 1029 2086 ducit,
1059 2042 1135 2079 hos
1156 2041 1207 2079 ad
1235 2040 1379 2078 tibiam
1406 2040 1547 2078 recitat
1572 2044 1838 2090 anapaestos:

986 2144 1082 2183 Τάδε
1103 2144 1167 2193 μὲν
1189 2145 1340 2196 Περσῶν
1359 2147 1431 2182 τῶν
1452 2141 1657 2194 εἰχομένων

991 2207 1146 2248 Ἑλλάδ’
1166 2208 1203 2256 ἐς
1231 2206 1315 2247 αἶαν
1342 2208 1453 2247 πιστὰ
1477 2204 1693 2246 maleine&

570 2324 648 2363 Ubi
669 2335 761 2362 vero
780 2326 846 2371 τῆς
866 2322 1024 2375 παρόδου
1042 2321 1169 2359 finem
1185 2332 1329 2358 omnes
1346 2320 1543 2364 fecerunt,
1562 2318 1713 2357 incedit
1729 2319 1771 2356 in
1788 2329 1952 2357 scenam
1969 2318 2126 2356 Atossa.

518 2390 622 2427 Cum
661 2400 793 2438 neque
831 2390 953 2430 veste,
991 2397 1124 2435 neque
1162 2389 1310 2423 ornatu
1350 2384 1446 2422 satis
1482 2383 1782 2433 significaretur
1815 2382 1924 2420 Darii
1961 2394 2130 2420 uxorem

516 2453 668 2496 adesse,
698 2464 788 2491 eam
814 2452 1091 2489 introeuntem
1118 2450 1232 2488 chori
1260 2449 1451 2500 princeps
1479 2449 1535 2487 sic
1563 2447 1863 2498 compellabat:

894 2549 943 2588 Ὦ
964 2549 1182 2600 βαθυζώνων
1206 2551 1344 2590 ἄνασσαι
1367 2549 1552 2602 Περςίέων
1572 2549 1754 2601 ὓπερ-,ἀτη

893 2621 1007 2669 μῆτερ
1028 2615 1052 2664 ἢ
1075 2613 1215 2668 Ξέρξευ
1236 2616 1384 2668 *sepa-[ou
1407 2618 1535 2667 χαῖρε,
1558 2614 1712 2666 Aures-1:¹³
1733 2612 1882 2664 ζώνας-’3.

579 2746 602 2765 1.
629 2735 790 2772 Vulgatae
807 2734 945 2764 notitiae
960 2736 1007 2763 est
1027 2742 1150 2763 nomen
1170 2731 1264 2768 οὔτις,
1283 2742 1352 2771 quo
1369 2733 1420 2762 vir
1436 2732 1494 2762 ille
1510 2733 1665 2761 versutus
1682 2739 1752 2760 sese
1768 2730 1931 2769 appellari
1949 2731 2045 2763 dixit.
2064 2732 2101 2760 ut
2116 2740 2134 2759 e

523 2792 624 2812 manu
641 2792 677 2812 ac
693 2783 853 2820 potestate
869 2781 1023 2819 Cyclopis
1039 2781 1227 2817 aufugeret.
1246 2781 1295 2810 Cf.
1311 2779 1435 2817 Odyss„
1450 2779 1504 2813 lx,
1521 2778 1590 2813 366,
1609 2789 1638 2818 9,
1654 2778 1724 2812 408,
1741 2780 1809 2811 (uo.
1822 2777 1919 2816 Quod
1934 2777 2132 2815 Euripidem

522 2831 598 2858 *atis
615 2831 743 2859 constat
759 2829 801 2857 ab
818 2828 962 2857 Homero
977 2837 1047 2857 esse
1064 2830 1272 2857 mutuatum.
1291 2827 1340 2858 Cs.
1360 2827 1460 2864 CycL,
1477 2825 1535 2865 672
1555 2835 1627 2864 sqq.

577 2886 603 2906 r».
629 2876 678 2906 Cf.
693 2876 767 2905 Car.
786 2876 977 2911 Holzinger,
995 2874 1042 2905 De
1064 2873 1227 2904 verborum
1251 2874 1318 2904 lusu
1339 2873 1421 2913 apud
1443 2872 1692 2911 Aristophanem.
1718 2872 1917 2907 Programrn
1934 2871 1993 2900 der
2014 2871 2135 2901 There-

522 2924 710 2953 sianischen
729 2922 912 2952 Akademic
930 2923 963 2951 in
982 2920 1093 2951 wion.
1116 2922 1203 2961 1876.
1218 2939 1257 2943 —-
1275 2922 1326 2952 Fr.
1347 2921 1466 2951 Reinh.
1487 2920 1669 2954 Fromann,
1693 2920 1737 2949 De
1760 2917 1973 2957 ambiquor-um
1999 2918 2029 2947 in
2051 2918 2134 2948 Aris-

522 2970 664 3008 tophanis
679 2969 843 2998 comoediis
861 2977 924 2997 usu.
946 2969 1143 3005 Programrn
1161 2969 1221 2998 der
1238 2968 1335 2998 stadt.
1355 2968 1478 3006 Gymn.
1499 2977 1538 2997 zu
1556 2967 1694 3003 Danzig.
1718 2965 1804 3006 1879.

577 3018 605 3046 3.
631 3017 679 3047 Cf.
695 3016 728 3046 Ε.
747 3016 862 3045 llillcr.
879 3016 1016 3049 Hermes,
1032 3015 1115 3046 vul.
1132 3015 1208 3050 442:
1226 3013 1454 3046 &vilarnowitz
1467 3024 1531 3045 von
1545 3014 1777 3044 Moellendorf.
1791 3013 1938 3043 Analecta
1951 3012 2134 3050 Ευνίοἱάεα,

526 3074 557 3103 p.
581 3074 634 3104 ¹09
652 3072 723 3101 sqq.

580 3111 608 3145 4.
635 3111 737 3143 Pers„
760 3119 783 3140 1.
804 3120 831 3138 τε.

581 3157 610 3186 5.
635 3157 736 3191 Pers..
759 3156 825 3186 155.
843 3156 872 3185 «3.
