2394 3660
851 28 858 43 l

718 157 848 184 cmm·
878 157 931 183 xi.
955 167 1003 173 —
1033 156 1084 182 m:
1114 156 1305 183 ELEcrnA.
1774 147 1821 195 37

211 245 312 294 gitat
346 258 443 296 ergo
475 246 527 285 ab
561 257 622 290 eo,
656 250 702 284 ut
734 245 865 288 abeat,
895 256 995 283 neve
1030 249 1184 294 tangat,
1217 256 1344 295 quam
1376 248 1541 293 tangere
1574 255 1655 281 non
1685 243 1818 282 debet.

210 310 317 349 Tum
338 310 460 350 frater
479 324 486 349 :

620 393 697 434 Οὔκ
718 391 801 433 ἔσθ’
819 391 902 432 ’ότευ
924 392 1060 444 θίγοιμ’
1079 396 1121 433 ἂν
1143 391 1382 446 ἐνδικώτερον
1399 391 1427 428 ¹·

263 505 383 554 Quod
422 505 655 544 absolutam
694 509 733 543 et
770 505 992 555 perfectam
1027 504 1220 555 exprimit
1254 504 1476 543 veritatem.
1516 504 1560 543 Id
1594 516 1687 543 vero
1722 505 1825 555 fugit

210 569 425 608 Electram.
451 570 592 620 Itaque
611 582 618 607 :
646 584 664 605 «
683 569 723 607 Si
743 581 806 607 res
828 569 882 607 ita
904 581 945 607 se
966 568 1103 612 habet,
1123 569 1272 619 inquit.
1291 582 1365 607 cur
1384 574 1566 607 armatus
1587 570 1628 607 in
1649 569 1824 608 domum

210 634 477 672 insidiaris3‘»
501 634 608 672 Tum
641 633 785 683 Junior
815 645 905 671 eam
941 634 1163 671 consistere
1191 634 1325 683 jubet,
1359 640 1404 672 ut
1437 639 1632 683 agnoscat
1668 634 1825 672 nullam

208 710 295 737 esse
312 699 435 738 aliam
455 710 583 750 quam
605 698 772 736 meliore
788 698 882 748 jure
903 698 1031 748 possit
1052 698 1258 749 amplecti.
1283 698 1358 736 Cui
1381 699 1494 749 virgo
1516 712 1523 736 :

532 797 702 847 Ἕστηγα
721 810 727 817 ·
752 799 900 845 πάντως
920 798 950 836 ’δ’
968 797 1042 847 εἰμὶ
1064 800 1132 848 σή·
1156 799 1334 850 κρείσσων
1357 800 1426 852 γὰρ
1449 797 1524 838 εἶθ.

260 911 324 949 Sic
350 909 579 961 profitetur,
603 909 763 947 etiamsi
792 909 908 950 nolit.
934 921 975 947 se
996 910 1038 947 in
1059 909 1214 948 ditione
1236 910 1309 948 viri
1331 923 1437 955 esse;
1463 923 1576 950 soror
1595 924 1704 955 vero,
1728 924 1823 950 cum

207 975 350 1014 multis
376 975 428 1013 ab
455 975 576 1013 annis
606 974 772 1012 fratrem
803 974 1053 1026 exoptaverit
1086 975 1314 1015 absentem.
1346 988 1426 1014 non
1456 977 1588 1026 magis
1617 989 1638 1015 a
1669 989 1709 1014 re
1738 977 1823 1028 ipsa

207 1041 344 1084 distat,
368 1039 538 1091 quando
559 1051 600 1078 se
622 1043 750 1078 totam
771 1040 807 1078 ei
828 1039 1010 1078 dedit-am
1032 1052 1078 1078 ac
1098 1039 1285 1079 devotam
1310 1047 1491 1080 testatur.

262 1105 398 1144 Monet
418 1105 578 1143 Orestes
606 1104 806 1143 Electram
837 1106 880 1143 in
907 1105 1094 1143 versibus
1125 1106 1194 1155 qui
1225 1112 1470 1157 sequuntur,
1496 1120 1537 1145 se
1559 1108 1754 1146 nuntium
1776 1107 1826 1145 de

207 1171 326 1208 fratre
355 1170 518 1213 afferre;
541 1169 654 1221 quod
689 1170 861 1220 quidem
894 1171 923 1207 si
961 1175 1124 1208 tantum
1158 1171 1270 1221 quod
1301 1172 1521 1210 verisimile
1551 1177 1653 1210 esset
1690 1177 1826 1211 noster

206 1235 505 1286 exquisivisset,
535 1234 675 1273 mirari
702 1235 867 1273 deberet
893 1235 1044 1285 puella,
1075 1247 1172 1273 cum
1204 1237 1236 1273 is
1265 1249 1314 1274 ne
1345 1237 1445 1275 scire
1480 1237 1649 1288 quidem
1680 1238 1822 1288 possit.

205 1305 348 1339 utrum
370 1301 535 1339 fratrem
556 1300 720 1348 habeat,
744 1312 885 1338 necne.
904 1300 996 1339 Jam
1018 1313 1112 1338 vero
1133 1301 1247 1352 prius
1271 1302 1466 1342 vidimus,
1485 1307 1690 1353 quantum
1710 1308 1824 1353 poeta

205 1370 242 1404 et
270 1370 516 1418 spectatores
547 1366 652 1403 inter
682 1356 722 1403 se
751 1366 868 1404 tacite
894 1366 1173 1410 convenirent,
1204 1371 1245 1404 ut
1275 1367 1414 1405 onmia
1441 1380 1546 1417 quae
1574 1380 1826 1418 supervacua

206 1432 350 1475 forent,
378 1431 677 1469 omitterentur.

257 1496 501 1534 Diverbium
540 1500 677 1535 tamen
718 1495 971 1546 producitur.
1011 1495 1113 1534 Nam
1153 1496 1217 1534 vix
1251 1498 1440 1547 exposuit
1474 1497 1633 1535 Orestes
1666 1499 1707 1535 in
1742 1510 1826 1548 quo

204 1574 342 1600 rerum
371 1561 515 1600 habitu
543 1565 662 1604 esset,
695 1573 793 1598 cum
823 1560 978 1599 Electra
1008 1561 1287 1600 infelicitatem
1315 1561 1502 1612 depingit
1532 1575 1663 1600 suam.
1690 1563 1825 1601 Partes

203 1627 363 1667 ambae.
387 1639 493 1678 quae
513 1631 572 1665 est
595 1627 845 1676 tragicorum
867 1638 1109 1675 graecorum
1139 1627 1412 1671 consuetudo,
1445 1627 1590 1666 eodem
1626 1640 1822 1667 versuum

204 1704 379 1730 numero
403 1692 694 1730 informantur.

256 1757 377 1796 Soror
402 1761 541 1795 autem
568 1757 679 1795 fratri
707 1756 819 1794 haud
849 1757 982 1794 multo
1010 1761 1101 1807 post
1130 1757 1277 1795 fatetur
1306 1770 1347 1795 se
1373 1762 1533 1795 tonsam
1562 1770 1649 1796 esse
1675 1758 1820 1809 capite.

203 1821 330 1873 quod,
353 1822 666 1871 Agamemnone
688 1822 948 1871 interempto,
973 1821 1094 1859 frater
1121 1822 1206 1872 ipse
1227 1822 1346 1860 absit.
1372 1822 1408 1860 Is
1429 1834 1522 1860 vero
1543 1836 1549 1860 :
1577 1837 1594 1859 «
1613 1823 1821 1865 Credisne.

204 1887 354 1938 inquit,
383 1899 480 1925 eum
507 1900 764 1938 quemquam
796 1891 832 1925 te
861 1887 1060 1925 cariorem
1090 1887 1263 1925 habere?
1282 1902 1299 1923 >›
1324 1888 1444 1937 Quod
1472 1893 1634 1926 tantum
1655 1888 1826 1926 interro-

203 1957 338 2003 gatur,
372 1956 418 1990 ut
446 1952 525 1990 hoc
552 1964 799 2003 responsum
830 1952 923 1990 edat
953 1951 1122 1995 Electra,
1156 1965 1240 2003 quo
1270 1957 1442 2003 partem.
1478 1954 1516 1990 in
1545 1966 1627 2004 qua
1656 1954 1705 1991 de
1734 1954 1822 2003 ejus

203 2017 367 2056 miseria
388 2017 538 2068 agitur,
563 2029 646 2055 non
670 2017 859 2055 incallide
880 2016 1061 2055 absolvat
1082 2030 1089 2054 :

622 2116 742 2158 Ἀπὼν
764 2118 919 2166 ἐκεῖ-ης.
943 2119 982 2158 εὖ
1001 2119 1128 2171 πκρὼν
1148 2119 1238 2169 ἡμῖν
1261 2120 1367 2171 ᾳίλες
1379 2119 1409 2156 3.

255 2232 433 2283 Quando
459 2233 570 2270 enim
590 2232 813 2270 arbitratur
833 2245 874 2270 se
896 2233 1060 2270 fratrem
1083 2232 1394 2283 reprehendere.
1419 2233 1530 2284 quod
1551 2233 1819 2275 desideretur.

204 2311 343 2336 versus
365 2298 711 2348 significationem
731 2298 904 2335 omnino
924 2297 1172 2335 contrariam
1195 2297 1330 2338 habet.
1355 2311 1450 2336 cum
1474 2298 1649 2337 redierit.

255 2364 483 2402 Nonnullos
514 2363 867 2413 praetermisimus
895 2363 1114 2411 trimetros.
1138 2375 1242 2413 quos
1263 2363 1336 2400 abs
1366 2377 1404 2400 re
1426 2364 1579 2401 alienos
1607 2365 1822 2413 essejudi-

201 2429 400 2467 cavimus.
431 2428 603 2466 Versum
650 2433 786 2466 autem
835 2428 909 2465 2613
946 2428 1084 2465 leviter
1117 2428 1383 2476 attingemus.
1416 2429 1514 2466 N'am
1551 2434 1816 2480 posteaquam

201 2496 361 2532 Orestes
387 2493 489 2531 dixit
519 2494 713 2546 αὖτσυργέν
742 2493 876 2535 illum,
908 2506 1033 2543 quem
1063 2497 1146 2530 tam
1173 2493 1332 2542 egregie
1360 2499 1474 2543 poeta
1504 2495 1702 2538 tractavit,
1734 2508 1820 2532 esse

203 2559 388 2597 mercede
409 2559 602 2609 dignum,
629 2563 717 2596 tum
739 2571 852 2596 soror
872 2559 1089 2608 respondet
1109 2571 1116 2595 :

563 2659 605 2699 E?
628 2660 670 2709 δή
693 2660 772 2699 ποθ’
789 2658 869 2709 ἥξει
891 2658 935 2711 γ’
956 2659 1007 2707 εἷς
1028 2660 1161 2710 Ξέμευς
1183 2661 1198 2699 Ξ
1220 2664 1279 2698 νῦν
1304 2657 1419 2706 ἀπών,

203 2773 242 2810 in
255 2785 339 2823 quo
353 2784 495 2810 rursus
509 2785 549 2810 se
562 2785 647 2810 rem
661 2773 858 2811 incertam
871 2773 1096 2823 exprimere
1113 2773 1332 2812 existimat.
1348 2772 1416 2810 sed
1436 2773 1633 2823 quoniam
1653 2773 1816 2811 fratrem

199 2849 344 2876 omnes
360 2837 623 2887 conspiciunt
642 2838 680 2875 in
703 2838 858 2876 theatro
876 2842 1065 2877 stantem.
1081 2838 1168 2888 jam
1185 2838 1350 2875 nullum
1368 2843 1425 2876 est
1443 2837 1621 2876 dubium
1639 2839 1740 2891 quin
1758 2839 1818 2878 vir

258 2971 282 2992 1.
308 2961 420 2999 Elece„
437 2961 506 2996 224-

252 3019 281 3039 2.
305 3007 434 3045 Ibidem,
453 3017 523 3047 25³7-

255 3056 281 3087 3.
310 3055 437 3090 Ibidem,
457 3055 526 3091 245.
