2394 3660
520 157 567 196 62
846 168 897 194 DE
925 166 1100 194 TRAGlCA
1127 164 1400 192 AMBIGUITATE
1428 163 1535 190 APUD
1563 161 1798 188 nummum.

518 256 742 308 imperium
762 257 933 292 recusat.
957 251 1166 302 Quicquid
1194 262 1291 301 ergo
1322 255 1436 302 pater
1463 248 1611 287 misere
1630 245 1894 286 machinatus
1919 249 1994 289 est,
2022 246 2129 284 male

517 321 552 360 ei
595 319 803 359 successit.
844 317 953 366 Quin
993 316 1117 355 etiam
1155 315 1264 354 hanc
1302 314 1469 354 dicendi
1507 311 1840 362 ambiguitatem,
1878 321 2006 360 quam
2043 314 2129 348 tam

517 389 704 425 accurate
724 381 1075 431 investigavimus,
1097 380 1317 419 confitetur
1337 379 1415 418 sibi
1436 378 1593 416 irritam
1613 376 1763 414 fuisse:

933 482 1129 533 Σσφίζομαι
1149 481 1189 521 δὲ
1208 480 1298 520 κάπὶ
1317 484 1411 520 τεῖσι
1432 480 1622 532 φιλτάτοις

932 548 1068 598 τέχνας
1087 547 1240 598 πορίζω,
1263 549 1435 596 πανταχῆ
1457 541 1661 594 νικώμενσς
1680 550 1706 579 ¹.

571 661 653 700 Hos
673 659 784 699 enim
804 670 946 696 versus
965 657 1214 696 arbitramur
1233 656 1285 695 ad
1304 657 1412 695 hanc
1432 655 1564 706 ipsam
1588 643 1753 692 dicendi
1779 655 1908 690 artem
1934 654 2127 702 spectare,

519 738 600 777 qua
625 726 773 763 frustra
799 722 929 762 voluit
954 727 1127 760 matrem
1153 735 1200 761 ac
1226 721 1354 760 filiam
1381 720 1423 758 in
1449 731 1626 759 errorem
1654 717 1813 756 facilius
1840 715 2048 755 inducere.

572 791 690 828 Nunc
710 788 760 827 ad
782 787 905 836 ἔξοδον
927 787 1089 825 fabulae
1109 787 1247 826 venire
1267 786 1395 829 decet,
1418 796 1516 823 cum
1537 784 1641 823 nihil
1668 783 1719 821 sit
1744 782 1784 820 in
1805 781 1926 820 tertio
1941 780 2130 820 ἐπεισοδίω

520 853 874 894 animadversione
893 852 1085 903 dignum.
1107 852 1200 890 Jam
1221 863 1315 889 vero
1339 861 1610 901 personarum
1639 848 1804 886 animus
1832 849 2127 885 commutatur.

522 921 623 958 Nam
645 931 765 957 senex
786 917 866 962 ille,
891 917 964 968 qui
983 917 1252 967 interceptam
1279 928 1301 954 a
1328 915 1512 954 Menelao
1540 913 1760 965 epistulam
1788 912 1964 963 perferre
1985 911 2131 962 jussus

520 990 617 1029 erat,
632 985 674 1022 in
692 987 847 1034 quanto
862 981 1047 1033 periculo
1059 981 1273 1032 Iphigenia
1283 985 1511 1019 versaretur
1528 979 1647 1017 matri
1666 977 1885 1021 nuntiavit,
1899 988 2019 1027 quae,
2034 987 2131 1015 cum

523 1050 673 1088 chorus
692 1047 861 1086 tertium
882 1048 1056 1097 στάσιμον
1078 1050 1254 1089 caneret,
1276 1049 1416 1083 natam
1442 1044 1584 1082 docuit
1609 1042 1731 1081 morti
1756 1054 1843 1080 esse
1867 1041 2127 1080 destinatam.

570 1114 676 1152 Tum
694 1125 740 1151 ex
756 1111 928 1150 aedibus
944 1123 1119 1162 egressa,
1135 1110 1239 1148 dum
1258 1110 1374 1148 abest
1389 1107 1616 1159 Iphigenia,
1635 1107 1772 1145 virum
1788 1118 1891 1144 uxor
1905 1105 2129 1156 opperitur.

522 1182 601 1218 Rex
634 1183 770 1217 autem
801 1176 1014 1229 providere
1048 1175 1206 1226 nequit,
1237 1186 1327 1213 eam
1359 1174 1474 1218 scire,
1505 1172 1607 1224 quid
1642 1172 1693 1210 sit
1725 1176 1906 1210 acturus.
1944 1171 2131 1209 Primum

518 1244 687 1296 quidem
724 1243 780 1281 ait
815 1254 856 1280 se
885 1242 1087 1291 gaudium
1118 1252 1274 1291 capere,
1306 1238 1420 1290 quod
1450 1238 1571 1277 obvia
1601 1237 1684 1275 sola
1718 1236 1885 1280 venerit,
1914 1248 2011 1274 cum
2047 1247 2131 1274 non

517 1309 721 1359 virginem
747 1306 887 1345 deceat
916 1305 1017 1356 quid
1045 1317 1186 1343 secum
1213 1303 1377 1354 cogitet,
1407 1301 1563 1341 audire.
1595 1301 1673 1339 Cui
1700 1300 2049 1350 Clytaemnestra:

916 1409 944 1445 T
949 1407 958 1444 ί
978 1407 1008 1445 δ’
1027 1406 1139 1455 ἔστιν,
1163 1402 1202 1445 οὗ
1225 1419 1280 1444 σοι
1301 1405 1430 1458 καιρὸς
1452 1403 1687 1450 ἀντιλάζυται
1701 1405 1738 1446 ²3

574 1519 806 1571 Respondet
826 1519 1083 1569 Agamemno
1102 1531 1109 1555 :

867 1618 1055 1669 Ἐκπεμπε
1076 1619 1192 1658 παῖδα
1213 1618 1394 1668 δωμάτων
1414 1632 1486 1656 παῖ
1512 1617 1552 1665 ἐς
1574 1619 1680 1666 μέτα·

859 1686 910 1732 ὡς
929 1685 1097 1737 χέρνιέες
1116 1685 1282 1736 πάρεισιν
1304 1683 1603 1735 ηὐτρεπισμέναι,

858 1750 1038 1800 προχύται
1059 1763 1098 1786 τε
1121 1747 1277 1796 βάλλειν
1296 1749 1365 1799 πῦρ
1386 1747 1584 1798 καθάρσιον
1605 1745 1776 1798 χεροῖνὸ.

573 1861 752 1900 Eventus
781 1873 874 1900 vero
899 1861 1022 1910 longe
1048 1860 1153 1898 alius
1178 1858 1376 1910 procedit,
1407 1857 1599 1908 quamvis
1628 1857 1739 1894 idem
1758 1855 1996 1899 artificium,
2019 1854 2132 1906 quod

520 1928 649 1978 priuS,
673 1927 877 1965 adhibeat.
901 1925 1089 1964 Testatur
1104 1924 1273 1975 quidem
1294 1935 1395 1961 uxor
1414 1934 1511 1961 eum
1532 1921 1678 1960 callide
1694 1933 1782 1960 esse
1796 1921 2005 1965 locutum;
2028 1919 2134 1959 nihil

521 2005 614 2030 vcro
640 1992 703 2030 his
731 1991 852 2029 xariis
877 1990 1044 2028 fallendi
1071 1989 1228 2028 artibus
1254 1987 1472 2038 decipitur.
1496 1987 1598 2026 Nam
1626 1987 1668 2024 in
1696 1998 1862 2025 scenam
1891 1985 2016 2036 paulo
2040 1989 2134 2036 post

522 2056 734 2106 Iphigenia
772 2056 896 2103 venit,
936 2055 1158 2105 parvulum
1197 2054 1380 2092 Orestem
1426 2052 1548 2103 peplo
1594 2051 1831 2090 involutum
1869 2051 2015 2090 serens.
2057 2049 2133 2088 Vix

521 2127 660 2160 autem
696 2121 878 2172 ingressa
911 2120 1101 2159 lacrimas
1133 2118 1361 2170 profundit.
1399 2118 1506 2156 'rum
1540 2117 1641 2156 tanti
1675 2117 1828 2155 doloris
1861 2128 2030 2155 causam
2065 2127 2133 2154 rex

522 2191 651 2236 rogat,
670 2187 751 2231 cui,
770 2199 843 2237 pro
863 2186 960 2230 filia,
980 2190 1109 2224 mater
1128 2186 1276 2223 fatetur
1295 2196 1338 2222 se
1357 2183 1498 2222 omnia
1518 2195 1624 2233 quae
1643 2182 1844 2233 paraverit
1870 2192 2129 2234 cognoscere.

522 2253 579 2290 Re
603 2251 756 2296 audita,
781 2264 862 2290 non
894 2255 1026 2302 potest
1047 2255 1160 2301 pater
1185 2249 1389 2300 gemitum
1418 2253 1567 2288 tenere.
1591 2247 1736 2286 Statim
1762 2259 1870 2292 vero,
1894 2251 2031 2286 mente
2056 2246 2134 2285 col·

521 2317 636 2361 lecta,
669 2317 912 2368 respondet:

864 2413 1047 2462 Τλήμονά
1064 2411 1100 2462 γ’
1119 2409 1266 2459 ἔλεξας,
1289 2411 1457 2456 ὑπονοεῖς
1477 2409 1508 2448 θ’
1527 2410 1549 2447 ἃ
1570 2411 1619 2458 μή
1637 2423 1677 2448 σε
1696 2411 1769 2462 χρὴ
1782 2407 1814 2451 4.-

518 2523 669 2562 latine:
713 2524 910 2562 «Atrocia
955 2522 1108 2566 dixisti,
1156 2521 1377 2572 suspicaris
1422 2521 1533 2559 enim
1573 2533 1679 2571 quae
1718 2525 1755 2559 te
1793 2531 1877 2558 non
1916 2523 2089 2570 oportet.
2111 2533 2130 2554 n

519 2589 842 2640 Agamemnonis
876 2600 969 2626 vero
1009 2587 1232 2630 simulatio,
1269 2598 1396 2637 quam
1431 2586 1473 2623 in
1506 2590 1586 2624 tota
1624 2585 1762 2624 sabula
1800 2584 2008 2635 produxit,
2043 2583 2131 2634 jam

519 2653 654 2693 inanis
689 2655 834 2693 evadit.
875 2654 1013 2692 Libere
1043 2658 1081 2692 et
1116 2654 1296 2703 ingenue
1329 2652 1441 2703 loqui
1476 2652 1613 2689 virum
1652 2656 1782 2690 mater
1810 2650 1943 2701 jubet.
1977 2655 2012 2689 et
2043 2650 2133 2701 Jam

527 2720 685 2758 nullam
713 2720 754 2758 in
784 2720 921 2759 sabula
949 2731 1167 2770 personam
1199 2718 1399 2762 invenias,
1432 2729 1552 2768 quae,
1585 2716 1688 2768 quid
1707 2721 1863 2756 ceterae
1888 2716 2130 2758 moliantur,

524 2785 691 2824 nesciat.

575 2919 600 2938 ι.
625 2907 727 2947 Ιρὴίς.
747 2907 778 2937 ἱη
792 2907 880 2942 Aul..
900 2907 1023 2947 wls-45.

576 2967 603 2986 2.
628 2954 759 2992 Ibidem,
781 2966 869 2995 1109.

572 3002 602 3032 3.
628 3001 758 3040 Ibidem,
779 3013 900 3034 ιιιο-ι.

572 3049 600 3085 ἁ.
627 3048 756 3085 Ibidem,
778 3049 867 3079 ¹132.

2383 46 2387 51 ⁴
2384 0 2394 20 ,κ
