2394 3660
779 147 908 174 CAPUT
935 147 990 173 w.
1013 157 1063 163 -—
1092 148 1144 173 Dr:
1173 147 1346 174 Περι-ΒΑ.
1824 141 1872 179 23

251 236 442 276 labarum
472 236 620 279 coitus,
653 236 842 274 similiter
875 248 898 274 a
931 235 1096 274 Graecis
1124 235 1280 288 τάνδρός
1313 236 1580 287 pronuntiata
1615 248 1717 281 esse,
1754 241 1873 288 quasi

251 314 387 340 unum
415 301 589 340 verbum
616 301 923 352 expressissent.
948 300 1041 350 Quo
1070 300 1198 351 igitur
1218 301 1346 351 probe
1376 301 1571 345 stabilito,
1602 313 1687 340 uno
1718 301 1873 341 scholio

251 368 329 411 usi:
352 367 466 418 quod
487 379 617 405 unam
638 371 802 405 tantum
822 366 901 404 loci
923 365 1270 416 significationem
1292 366 1451 409 indicit,
1477 378 1559 406 non
1581 368 1721 405 minus
1743 381 1870 418 quam

248 432 388 477 altero,
417 432 531 483 quod
559 436 699 470 contra
730 431 900 470 alteram
936 431 1116 482 exponit,
1149 431 1324 469 libenter
1359 432 1644 470 Wecklenium
1681 445 1873 483 asseque-

248 508 358 541 mur,
387 496 459 547 qui
488 496 543 535 ita
574 497 779 535 trimetros
800 495 1108 534 accuratissime
1135 496 1342 533 transtulit
1368 509 1375 533 :
1411 511 1427 531 (ι
1450 496 1569 535 ΝἱεΙιῑ
1590 497 1662 535 der
1688 497 1869 535 sch'onen

247 561 385 600 Worte
411 561 558 599 bedars
579 573 635 602 es,
666 560 844 598 sondern
871 560 944 598 des
971 559 1142 598 Mannes
1169 559 1269 597 Sinn
1296 572 1413 598 muss
1442 573 1540 599 man
1567 561 1768 600 ersahren.
1791 577 1808 598 »

301 627 442 677 Neque
472 631 609 664 tamen
638 637 804 664 necesse
832 629 893 663 est
922 624 1096 663 verbum
1127 625 1244 664 ἓίειέα
1268 625 1524 675 judicemus,
1557 627 1668 677 quod
1698 627 1867 677 quidem

247 690 460 729 contendit
497 690 678 731 criticus.
712 701 810 728 cum
849 689 1040 739 genetivo
1076 693 1137 728 τεῦ
1174 689 1303 742 ἀνδρός
1342 703 1428 728 esse
1460 691 1743 741 jungendum.
1785 704 1867 731 non

248 757 364 795 aliter
392 768 439 795 ac
468 755 502 794 si
529 760 647 806 poeta
676 757 903 805 πυνθάνῡμαν.
935 754 1179 805 scripsisset.
1215 756 1335 794 Actor
1364 756 1474 794 enim
1508 757 1660 809 τάνέρές
1688 769 1868 806 pronun-

246 821 386 866 tiabat,
418 820 532 871 quod
560 832 635 871 pro
662 821 708 860 τὰ
738 819 868 873 ἀνδρός
894 824 1145 870 usurpatum
1174 831 1196 857 a
1227 820 1313 858 solo
1343 821 1495 861 ἓιιςτέεν
1525 821 1743 871 pendebat.
1776 822 1868 861 Sen-

244 886 370 925 tentia
389 897 483 924 vero
504 889 587 923 tota
608 884 873 923 callidissime
893 884 1148 922 conformata
1168 888 1242 927 est,
1265 889 1311 922 ut
1333 890 1579 936 spectatores
1594 886 1804 937 paulisper
1824 887 1864 925 in

244 952 400 990 incerto
429 950 641 994 haberent,
674 955 764 988 utra
785 950 846 988 vis
877 950 954 988 sub
984 950 1156 988 vocibus
1185 954 1290 988 esset
1319 950 1591 1001 subjicienda,
1616 956 1661 989 ut
1683 952 1717 989 si
1743 952 1866 990 latine

245 1016 383 1055 nutrix
409 1015 603 1054 dixisset:
637 1030 655 1052 «
675 1016 764 1053 N'on
786 1015 861 1054 tibi
884 1015 1079 1065 speciosis
1102 1015 1237 1053 vorbis
1263 1027 1369 1066 opus
1395 1021 1469 1056 est.
1494 1016 1563 1054 sed
1586 1017 1670 1055 viro
1699 1017 1799 1067 quid
1823 1018 1863 1056 in

241 1087 378 1121 mente
405 1082 470 1126 sit,
498 1081 819 1132 dijudicandum
847 1086 920 1119 est.
942 1096 959 1117 υ

293 1147 486 1186 Ceterum
507 1147 760 1197 ambiguitas
781 1159 802 1184 e
823 1147 912 1185 loco
934 1147 1024 1197 ipso
1044 1158 1170 1197 quem
1191 1146 1391 1185 vocabula
1416 1148 1456 1184 in
1486 1147 1680 1185 trimetris
1708 1153 1860 1190 tenent.

240 1224 287 1251 eo
307 1212 353 1250 fit
372 1212 640 1264 probabilior,
663 1224 748 1263 quo
777 1217 928 1253 noster.
961 1212 1204 1250 nominibus
1232 1212 1387 1265 τάνέρές
1412 1217 1451 1250 et
1478 1213 1715 1265 εὖτ-[ημένων
1743 1226 1860 1254 usus,

240 1278 375 1328 magis
409 1278 581 1321 curavit,
614 1282 662 1316 ut
690 1278 894 1316 contraria
923 1277 1138 1316 contrariis
1167 1282 1406 1328 opponeret.
1440 1278 1547 1315 Dicit
1583 1280 1720 1316 nutrix
1749 1280 1861 1330 quod

238 1343 373 1382 dicere
408 1342 706 1381 difficillimum
745 1348 842 1382 erat.
882 1354 1030 1393 neque,
1072 1347 1213 1380 nostro
1256 1346 1453 1393 tempore,
1498 1344 1724 1394 quisquam
1764 1344 1862 1382 vitio

238 1414 379 1460 poetae
414 1413 569 1447 vertere
603 1408 737 1453 debet,
776 1408 889 1459 quod
926 1408 1130 1458 pudorem
1167 1407 1398 1452 offenderit,
1435 1420 1531 1446 cum
1569 1409 1619 1448 de
1657 1409 1736 1448 hoc
1773 1411 1861 1460 ipso

242 1475 401 1525 pudore
430 1474 551 1522 longe
577 1474 693 1512 aliter
719 1486 766 1512 ac
791 1485 867 1512 nos
893 1478 1046 1511 veteres
1068 1472 1360 1523 judicaverint.

294 1539 373 1578 Ubi
403 1539 600 1583 Theseus,
624 1539 693 1590 pio
727 1539 871 1577 itinere
899 1538 1091 1589 perfecto,
1124 1537 1301 1576 domum
1332 1538 1450 1583 redit,
1475 1540 1631 1584 nullus,
1660 1540 1733 1591 qui
1762 1552 1859 1578 eum

242 1604 403 1648 salutet,
428 1604 473 1641 sit
492 1603 528 1641 ei
553 1604 715 1642 obvius.
739 1603 948 1641 Continuo
973 1607 1136 1640 veretur
1162 1614 1213 1639 ne
1239 1602 1339 1652 quid
1370 1603 1521 1642 funesti
1550 1605 1709 1643 Pittheo
1737 1605 1856 1655 patri,

236 1669 357 1707 annis
390 1667 590 1709 consecto.
622 1668 828 1706 acciderit.
861 1667 1023 1705 Chorus
1058 1679 1166 1710 vero,
1204 1672 1428 1719 postquam
1464 1670 1641 1719 negavit,
1676 1670 1855 1709 Phaedra

230 1734 318 1785 Jarn
341 1739 521 1779 mortua,
551 1745 692 1773 senem
718 1733 978 1777 occubuisse,
1008 1733 1084 1771 hos
1113 1733 1272 1771 iambos
1299 1734 1439 1772 addit:

722 1837 856 1874 ...Ns'zz
879 1836 1047 1882 θανεῖν-,ες
1068 1834 1265 1886 ἀλῃύνεῧσί
1287 1851 1326 1875 σε
1342 1846 1369 1874 ¹.

288 1949 346 1987 De
366 1948 506 1998 regina
535 1949 714 1988 locutus.
738 1960 843 1999 quae
870 1948 1009 1986 adhuc
1039 1948 1209 1986 florente
1239 1954 1323 1986 erat
1351 1954 1493 1990 aetate.
1526 1962 1608 1988 non
1640 1951 1852 2001 intellegit,

234 2013 348 2066 quod
367 2013 482 2058 dicit,
505 2026 589 2052 non
610 2013 752 2052 minus
773 2014 815 2052 in
838 2013 1110 2064 Hippolytum
1131 2014 1288 2057 cadere,
1308 2015 1429 2064 cujus
1450 2020 1578 2066 pater.
1592 2016 1645 2055 ob
1662 2021 1855 2068 stuprum

235 2080 499 2132 suppositum
530 2079 865 2130 immeritamque
891 2091 1068 2129 poenam
1095 2091 1280 2118 moerore
1307 2080 1561 2119 conficietur.

591 2447 812 2498 CAPUT
857 2447 940 2497 Vl.
972 2477 1030 2483 —
1071 2447 1156 2497 DE
1204 2447 1492 2498 HECUBA.

287 2745 424 2784 Solent
445 2745 557 2796 apud
577 2744 834 2797 Euripidem,
858 2752 903 2785 ut
925 2759 1048 2798 supra
1069 2746 1266 2786 diximus,
1290 2746 1341 2785 ad
1362 2747 1505 2785 dolum
1527 2752 1565 2786 et
1585 2748 1850 2787 calliditatem

234 2810 470 2860 confugere,
503 2811 590 2861 qui,
623 2811 736 2862 quod
762 2817 922 2862 petunt,
953 2813 1065 2851 nulla
1094 2812 1170 2850 alia
1199 2812 1348 2862 agendi
1374 2812 1530 2851 ratione
1562 2819 1735 2864 possunt
1761 2826 1853 2852 con-

235 2876 364 2927 sequi.
408 2875 531 2914 Porro
566 2876 660 2927 quis
695 2889 884 2928 unquam
923 2878 1000 2916 suit
1034 2878 1099 2915 illa
1137 2877 1305 2915 Hecuba
1342 2878 1556 2922 infelicior,
1595 2891 1700 2929 quae
1735 2880 1850 2920 olim.

235 2941 399 2979 Priamo
427 2952 533 2990 rege,
557 2940 721 2991 Trojam
741 2942 968 2985 obtinebat,
992 2954 1105 2981 nunc
1127 2947 1281 2986 autern,
1305 2948 1527 2994 postquam
1556 2945 1684 2994 patria
1706 2944 1850 2984 deleta.

292 3070 318 3090 1.
344 3059 453 3098 nipp„
474 3059 543 3099 798.
