2394 3660
531 173 581 215 30
851 188 902 213 DE
931 187 1105 215 TRAGICA
1131 187 1405 213 AMBIGUITATE
1434 187 1541 213 APUD
1570 174 1805 214 nummum.

528 275 682 326 templo
701 275 764 314 dei
785 275 991 324 adspecto‚
1014 274 1203 314 lacrimas
1232 286 1315 313 non
1345 279 1464 313 tenet.
1488 275 1599 323 Quas
1627 286 1726 313 cum
1750 274 1853 314 vidit
1878 274 2133 321 adulescens,

527 339 710 379 dolorem
736 339 934 378 miratur:

917 417 959 455 Τί
980 416 1038 463 ἓέ;
1062 419 1210 467 στυγεῖς
1231 417 1271 455 σὺ
1291 424 1353 457 τεῦ
1374 419 1454 457 6εεῦ
1475 419 1520 456 τὰ
1539 418 1698 469 φίλτατα
1714 422 1747 460 ¹;

580 523 792 572 Gurgitem
821 521 1024 572 designat,
1057 522 1098 559 in
1128 534 1253 572 quem
1283 523 1515 573 Neptunus,
1548 526 1652 560 terra
1685 521 1825 566 scissa,
1857 521 2133 562 Erechtheum

526 587 790 639 praecipitem
811 586 997 624 immisit.
1022 586 1111 624 Non
1137 587 1253 626 aliter
1277 599 1371 626 vero
1396 588 1646 638 loqueretur,
1675 586 1708 624 si
1736 591 1930 638 stuprum
1955 599 2135 626 comme·-

526 657 714 693 moraret,
751 665 797 689 ex
830 664 914 701 quo
944 651 1030 702 ipse
1059 656 1180 690 natus
1209 656 1282 696 est,
1315 653 1488 702 locoque
1521 651 1601 702 ipsi
1634 651 1846 696 alluderet,
1881 664 2007 703 quem
2037 652 2134 691 satis

525 721 696 761 constat,
720 720 884 767 propter
902 716 1060 754 veneris
1081 716 1421 761 recordationem,
1445 717 1522 755 deo
1541 729 1629 754 esse
1648 729 1805 755 carum.

576 781 762 819 Affirmat
787 780 936 819 deinde
962 781 1112 820 mulier
1138 793 1179 820 se
1211 794 1430 832 nunquam
1459 781 1677 832 peperisse.
1702 781 1822 831 Quod
1848 794 1946 820 cum
1973 793 2056 820 non
2083 781 2135 820 sit

525 845 604 884 lide
641 845 791 895 majus,
821 845 983 884 credere
1017 846 1088 885 Ion
1121 846 1278 885 debuit.
1311 846 1678 896 Interrogationem
1715 850 1853 885 tamen
1888 847 2017 890 iterat,
2049 858 2133 885 non

523 910 637 948 aliter
680 923 726 948 ac
769 909 801 947 si
839 910 955 960 prius
1002 923 1247 961 responsum
1295 915 1534 962 suspectum
1579 911 1805 950 habuisset.
1846 911 1962 950 Tunc
2005 915 2135 950 mater

522 975 747 1025 composite
766 987 774 1011 :

958 1026 1000 1066 ‘O
1019 1030 1157 1077 Φεῖέες
1177 1027 1253 1069 εἶδε
1273 1030 1337 1078 τὴν
1358 1029 1451 1079 ἐμὴν
1473 1028 1641 1068 ἀπαιδίαν
1655 1039 1684 1067 2.

573 1134 691 1183 Quod
723 1134 1028 1173 subobscurum
1063 1135 1234 1174 consilio
1268 1135 1382 1179 dicit,
1414 1147 1686 1186 personarum
1720 1135 1969 1185 tragicarum
2002 1148 2129 1180 more,

520 1199 723 1248 quotiens.
747 1198 859 1248 quod
880 1203 998 1249 turpe
1018 1204 1090 1242 est,
1115 1199 1299 1237 confiteri
1321 1204 1557 1249 gravantur.
1582 1199 1763 1249 Pergunt
1787 1199 1935 1237 deinde
1959 1204 2128 1241 actores.

520 1276 602 1301 reni
625 1263 747 1301 aliam
767 1263 961 1314 aggressi.
986 1263 1198 1301 Habemus
1217 1263 1329 1301 enim
1350 1264 1461 1313 quod
1482 1263 1526 1301 in
1547 1276 1593 1302 eo
1613 1264 1703 1303 loco
1724 1264 1899 1302 breviter
1913 1264 2129 1315 attingam,

520 1328 625 1366 hanc
660 1328 919 1378 colloquendi
956 1328 1169 1369 rationem,
1207 1340 1349 1378 graece
1383 1329 1637 1381 στιχομωθίαν,
1674 1341 1803 1378 quam
1836 1329 2015 1368 maxima
2048 1334 2132 1368 arte

520 1398 654 1431 noster
673 1392 879 1443 produxit.
904 1393 1033 1431 Ycrba
1050 1397 1273 1431 conserunt
1289 1397 1458 1437 actores,
1478 1393 1619 1431 minus
1637 1398 1806 1432 naturae
1826 1394 2128 1438 convenienter,

518 1470 642 1507 quam
683 1462 727 1495 ut
766 1462 1041 1508 spectatorum
1086 1458 1248 1496 animos
1293 1458 1521 1501 stimulent,
1561 1457 1664 1496 dum
1703 1458 1790 1496 sine
1826 1458 2132 1497 intermissione

518 1522 671 1560 veritati
699 1522 777 1572 ipsi
802 1535 941 1560 rerum
967 1522 1173 1567 alludunt,
1204 1534 1331 1572 quam
1358 1527 1497 1561 tamen
1524 1535 1742 1573 nunquam
1770 1524 1996 1574 proferunt.
2026 1523 2129 1562 Nam

517 1592 558 1624 ut
582 1588 670 1625 illae
691 1587 912 1626 ‘Nausicaac
933 1587 1102 1637 virginis
1123 1587 1292 1631 amicae,
1317 1600 1423 1638 quac
1449 1587 1499 1626 ad
1526 1587 1625 1626 litus
1653 1587 1928 1632 maritimum,
1952 1588 2130 1627 Homero

515 1656 691 1693 auctore,
727 1652 856 1702 pilam
888 1652 1059 1690 vixdum
1095 1657 1299 1703 arreptam
1332 1652 1638 1703 retorquebant,
1672 1657 1716 1690 ut
1751 1665 1912 1704 semper
1939 1652 1983 1691 in
2012 1657 2130 1692 motu

515 1721 631 1761 esset,
662 1717 719 1755 sic
747 1717 899 1755 ludunt
925 1717 1030 1755 inter
1055 1729 1111 1761 se,
1142 1717 1221 1755 nisi
1249 1717 1374 1755 nimis
1401 1717 1595 1756 audacter
1620 1717 1808 1761 dixerim,
1837 1730 1936 1756 cum
1962 1729 2131 1756 consan-

515 1782 713 1831 guinitate
747 1795 829 1832 qua
862 1782 981 1820 inscii
1019 1781 1123 1820 iuter
1156 1795 1197 1819 se
1230 1782 1484 1827 x‘inciuntur,
1518 1787 1563 1820 ut
1592 1783 1834 1821 continuam
1862 1782 1952 1832 ejus
1981 1782 2132 1821 saciant

516 1847 781 1886 mentionem.
811 1847 931 1897 cujus
959 1847 1145 1885 oblivisci
1173 1851 1420 1898 spectatores
1446 1847 1744 1898 aliquantisper
1770 1860 1854 1886 non
1880 1848 1973 1886 licet
1994 1859 2002 1885 :
2026 1847 2130 1885 nihil

516 1912 646 1962 inagis
679 1917 846 1950 naturae
874 1911 1127 1950 contrarium
1157 1917 1229 1957 est,
1263 1912 1369 1950 nihil
1394 1912 1560 1957 dicitur,
1592 1913 1706 1963 quod
1739 1913 1873 1963 magis
1906 1912 2129 1952 artificium

516 1976 710 2021 redoleat;
734 1977 836 2015 nihil
863 1989 956 2016 vero
981 1977 1033 2016 ad
1063 1978 1268 2016 theatrum
1297 1978 1446 2016 melius
1473 1977 1677 2016 convenit.

568 2041 668 2079 Nam
690 2046 909 2092 postquam
937 2042 1088 2081 Creusa
1114 2042 1165 2080 dc
1190 2047 1286 2081 nato
1314 2054 1398 2081 non
1425 2043 1514 2082 sine
1539 2043 1788 2093 ambagibus
1813 2043 1963 2088 locuta,
1988 2042 2129 2082 Ionem

513 2106 563 2144 de
589 2111 718 2146 matre
742 2107 978 2159 interrogat,
1008 2107 1042 2145 is
1068 2107 1265 2146 continuo
1294 2108 1513 2158 respondet
1536 2120 1544 2145 :

907 2202 984 2241 Οὔκ
1006 2200 1088 2241 εἶ’ἒκ
1108 2202 1208 2251 πλὴν
1231 2204 1267 2241 ἕν
1286 2214 1293 2220 ·
1317 2200 1448 2250 Λοξίευ
1469 2203 1691 2253 κεκλήμεθα
1702 2204 1734 2242 3.

565 2308 613 2347 Se
645 2320 808 2347 servum
842 2308 969 2358 igitur
998 2308 1201 2359 Apollinis
1234 2321 1322 2347 esse
1351 2310 1513 2353 fatetur,
1547 2321 1632 2348 non
1662 2310 1777 2348 aliter
1805 2321 1852 2349 ac
1881 2309 1914 2349 si
1945 2310 2123 2350 diceret:

513 2372 642 2420 salz-120
663 2374 794 2421 &Meg
813 2374 1018 2424 κέκλημαι,
1042 2374 1145 2411 dum
1165 2387 1212 2412 ex
1233 2374 1378 2412 eodem
1399 2387 1596 2426 responso
1622 2375 1673 2413 ab
1702 2375 1900 2414 omnibus
1920 2375 2128 2425 intellege·

511 2439 643 2483 batur,
669 2451 764 2477 eum
785 2451 871 2477 esse
891 2439 955 2477 dei
977 2439 1125 2482 filium,
1150 2444 1193 2477 ut
1216 2441 1248 2477 si
1270 2452 1422 2478 nomen
1444 2441 1520 2488 υἷές
1540 2441 1815 2491 expressisset.

564 2504 690 2542 Paulo
711 2504 879 2542 inferius
906 2504 1009 2542 redit
1034 2509 1177 2542 auctor
1203 2504 1254 2542 ad
1280 2505 1562 2543 infelicitatem
1589 2506 1790 2549 mulieris,
1819 2518 1947 2556 quam
1975 2518 2127 2545 memo-

511 2581 597 2606 rare
623 2569 866 2607 instituerat.
891 2569 993 2607 Nam
1022 2574 1242 2619 postquam
1271 2570 1430 2608 audix‘it
1455 2571 1667 2621 quomodo
1694 2571 1893 2609 infantem
1912 2571 2125 2622 Apollinea

511 2633 697 2673 sacerdos
718 2634 877 2678 aluerit,
900 2646 1043 2673 casum
1064 2634 1207 2673 matris
1227 2635 1359 2686 ipsius
1381 2636 1469 2686 ipsa
1485 2641 1615 2675 mater
1633 2636 1689 2675 ita
1709 2636 1817 2675 dolet
1836 2649 1844 2674 t

911 2736 1079 2774 Τάλαινά
1098 2735 1169 2785 σ’ἡ
1190 2740 1357 2779 τεν-οὖσα,
1380 2737 1436 2784 τίς
1455 2737 1534 2776 ’.ἵετ’
1551 2735 1596 2786 ἦν
1618 2736 1729 2788 nipast.

562 2841 681 2891 Quod
702 2853 785 2881 non
806 2841 893 2880 sinc
911 2845 995 2881 arte
1015 2847 1132 2893 poeta
1153 2843 1408 2893 excogitavit.
1434 2844 1587 2883 Creusa
1607 2844 1719 2883 enim
1741 2856 1823 2882 non
1852 2848 2000 2884 temere
2023 2845 2124 2884 dicit

563 2958 587 2977 ι.
612 2948 680 2985 Ion,
698 2946 767 2988 287.

561 3004 591 3025 2.
615 2994 743 3031 Ibidem,
761 2995 832 3027 306.

556 3040 587 3071 3.
611 3041 739 3079 Ibidem,
758 3042 829 3073 311.

556 3090 583 3122 [ι.
607 3088 736 3124 Ibidem,
755 3090 826 3125 ³24.
