2394 3660
552 150 597 189 18
867 164 918 188 DE
948 163 1121 189 TRAGICA
1149 162 1423 188 AMBIGUITATE
1452 162 1559 188 APUD
1589 159 1827 190 EURIPIDEM.

544 249 767 295 insumere,
796 262 892 289 cum
921 262 1017 288 eum
1038 250 1159 300 jubet
1184 249 1385 299 virginem
1411 248 1573 293 ducere,
1603 262 1744 300 quam,
1768 250 1940 300 juvante
1967 249 2058 294 deo,
2080 250 2155 290 for-

544 315 650 354 sitan
676 315 842 354 duxisse
866 326 963 354 eum
988 314 1239 365 paenitebit:
2291 307 2318 349 -ὲ

927 413 1114 468 Νύμ.φευ’·
1138 416 1228 464 ἴσως
1248 417 1337 469 γάρ,
1361 417 1421 456 σὺν
1444 418 1514 467 θεῷ
1531 416 1561 455 δ’
1584 415 1787 469 εἰρήσεται,

923 482 1061 528 γαμεῖς
1079 481 1238 517 τειεῦτεν
1262 480 1357 518 ὥστε
1379 475 1417 517 ς’
1438 477 1624 529 ἀρνεῖσθαι
1644 478 1765 528 γπὶμεν
1781 483 1808 514 ¹.

594 596 722 646 Magis
762 600 897 634 tamen
933 600 1071 646 aperte
1107 596 1148 634 in
1188 609 1234 634 eo
1269 595 1357 633 loco
1402 594 1597 644 loquitur,
1639 607 1768 645 quam
1808 599 1853 633 ut
1897 607 1988 634 eam
2031 596 2148 636 lason

539 675 730 712 praesens
750 662 1000 700 exaudiverit
1013 673 1041 699 2.

592 727 670 765 Ubi
698 739 790 766 vero
816 727 1057 765 asseveraxit
1084 726 1231 764 mulier
1252 726 1329 765 sibi
1351 726 1425 764 xiri
1446 727 1612 777 nuptias
1634 726 1813 777 probari,
1837 726 2027 766 mirabile
2046 732 2151 767 esset

539 792 571 829 si
591 792 812 843 ancipitem
836 792 1035 830 sermonis
1056 796 1298 842 potestatem
1321 792 1565 841 neglegeret.
1591 791 1645 830 Ea
1672 796 1732 829 est
1757 792 1869 830 enim
1896 792 2149 842 tragicorum

537 858 808 901 consuetudo,
839 857 1047 907 Euripidis
1074 857 1115 894 in
1137 857 1297 907 primis,
1322 862 1366 894 ut
1387 857 1463 894 hac
1493 856 1653 895 dicendi
1673 856 1856 895 oratione
1879 862 2061 902 utantur,
2085 857 2152 896 cui

538 921 695 965 studeo,
728 922 918 972 quotiens
946 927 1057 960 actor
1093 934 1218 965 unus,
1258 922 1297 959 in
1337 922 1487 959 malam
1521 921 1710 959 fraudem
1744 922 1920 960 alterum
1954 922 2150 961 illiciendi

536 998 673 1029 causa,
702 987 863 1024 vultum
891 987 941 1024 ad
968 987 1343 1025 dissimulationem
1375 986 1600 1037 componit.
1632 986 1746 1024 llanc
1772 991 1911 1024 autem
1941 986 2151 1037 duplicem

536 1051 754 1090 verborum
793 1052 1137 1102 significationem
1170 1052 1403 1103 percipiunt
1443 1057 1688 1102 spectatoresv
1728 1057 1849 1101 atque
1894 1052 1927 1089 is
1960 1051 2047 1102 ipse
2078 1053 2151 1104 qui

534 1117 677 1155 dolum
705 1118 888 1159 molitur,
919 1118 1018 1155 alter
1045 1130 1138 1155 vero
1164 1117 1346 1155 alteram.

587 1182 650 1219 Sic
674 1182 824 1225 Medea,
844 1186 1065 1232 postquam
1088 1182 1220 1220 Iasoni
1243 1182 1475 1223 affirmarit.
1497 1183 1529 1219 si
1551 1183 1653 1233 quid
1674 1183 1963 1221 inclementius
1990 1183 2032 1221 in
2053 1195 2150 1222 eum

535 1246 583 1283 sit
597 1247 768 1289 invecta,
785 1259 825 1284 se
842 1246 1100 1285 iracundIam
1117 1247 1346 1296 repudiare,
1364 1247 1475 1285 timet
1494 1260 1543 1285 ne
1564 1260 1580 1284 x
1592 1248 1625 1285 ir
1640 1248 1773 1286 xerbis
1789 1261 1937 1298 parum
1953 1248 2147 1287 confidat.

537 1311 675 1361 ltaque
697 1323 811 1349 more
830 1323 989 1353 eorum,
1013 1311 1086 1361 qui
1108 1311 1299 1349 simulata
1322 1316 1457 1350 mente
1478 1313 1722 1363 loquuntur,
1745 1313 1875 1351 animi
1895 1314 2079 1353 affectus.
2100 1325 2151 1351 ne

535 1388 614 1414 non
646 1376 850 1419 credatur,
889 1387 1021 1426 aequo
1056 1376 1246 1413 meliores
1282 1388 1328 1414 ac
1362 1376 1625 1426 benigniores
1659 1390 1746 1416 esse
1781 1378 1953 1428 effingit,
1989 1383 2035 1417 ut
2068 1378 2147 1423 vix,

534 1441 662 1479 nimia
679 1441 774 1478 fidei
797 1440 1007 1478 faciendae
1023 1439 1262 1490 cupiditate,
1282 1440 1408 1477 fidem
1425 1441 1557 1479 saciat.
1577 1442 1787 1492 Namque:
1810 1459 1826 1479 «
1844 1443 1961 1482 Nunc
1977 1443 2148 1482 demum

535 1504 620 1546 tibi,
658 1505 727 1548 ait,
764 1504 976 1547 assentior,
1014 1503 1186 1553 conjum
1225 1515 1363 1553 sapere
1396 1504 1524 1548 enim,
1564 1517 1670 1544 nova
1708 1518 1834 1545 uxore
1870 1507 2008 1551 ducta,
2045 1507 2149 1545 mihi

532 1569 693 1607 videris.
714 1569 800 1619 Ego
820 1581 914 1608 vero
933 1568 1205 1619 desipiebam,
1229 1580 1326 1606 cum
1348 1568 1492 1606 eadem
1513 1581 1619 1619 quae
1646 1574 1689 1607 tu
1718 1571 1890 1609 consilia
1917 1571 2081 1611 habere.
2112 1577 2149 1610 te

524 1634 683 1684 juvare,
702 1634 754 1673 ad
768 1634 922 1673 lectum
940 1638 1057 1678 stare,
1081 1633 1195 1671 uxori
1212 1633 1317 1671 laeto
1333 1633 1474 1671 animo
1491 1638 1694 1683 praestare
1710 1634 1844 1673 officia
1861 1635 2146 1674 debuissem.»

1300 1769 1377 1777 -----
1401 1737 1499 1790 Ἐγὼ
1517 1739 1547 1778 δ’
1570 1739 1710 1792 ἄφρων,

920 1803 944 1857 ᾖ
965 1804 1061 1855 χρῆν
1084 1804 1246 1851 μετεῖναι
1268 1802 1382 1841 τῶνδε
1401 1807 1472 1841 τῶν
1495 1801 1761 1851 &oleagineum

924 1863 987 1903 καὶ
1006 1861 1276 1917 ξυμπεραίνειν,
1299 1863 1361 1903 καὶ
1379 1865 1602 1916 παρεστάναι
1623 1865 1744 1916 λέχει,

925 1928 1064 1978 νύμφην
1085 1941 1125 1966 τε
1146 1927 1368 1976 κηδεύουσαν
1383 1926 1533 1975 ἥδεσθαι
1556 1927 1702 1965 σέθενῧ.

583 2041 688 2079 lluic
714 2044 853 2078 autem
878 2039 1003 2078 verbo
1027 2039 1208 2087 κηδεύειν,
1238 2051 1321 2089 quo
1348 2038 1503 2089 perfide
1531 2038 1775 2077 sententiam
1803 2038 1991 2081 absolvit,
2025 2050 2147 2076 nemo

529 2106 657 2144 nescit
685 2105 766 2143 vim
794 2104 1016 2154 ancipitem
1046 2103 1214 2142 subesse
1226 2102 1257 2143 5⁸.
1288 2108 1334 2141 ut
1361 2116 1403 2142 re
1422 2116 1513 2142 wera
1539 2103 1761 2142 contendat
1782 2103 1972 2140 futurum
1993 2115 2081 2141 esse
2102 2107 2147 2141 ut

529 2172 718 2221 gaudeat,
743 2171 773 2209 si
797 2175 873 2210 stet
892 2171 943 2209 ad
964 2170 1172 2209 libitinam
1201 2169 1389 2214 Creusae,
1419 2170 1678 2219 honoresque
1706 2168 1846 2206 solitos
1874 2169 2015 2211 solvat,
2047 2181 2146 2207 cum

528 2238 677 2288 conjux
698 2237 872 2276 eandem
893 2236 1049 2275 eisdem
1075 2235 1208 2275 verbis
1235 2235 1440 2275 affirmare
1466 2235 1669 2273 existimet
1696 2236 1779 2273 fore
1806 2239 1851 2272 ut
1879 2235 1991 2273 haud
2019 2234 2146 2274 invita

530 2301 676 2351 virgini
702 2301 767 2339 die
793 2301 970 2352 nuptiali
997 2300 1131 2339 officia
1159 2304 1347 2351 praestet.

580 2367 830 2416 Quanquam
865 2366 967 2404 dixit
998 2378 1037 2404 se
1075 2377 1192 2404 suam
1229 2370 1412 2403 mentem
1460 2364 1512 2403 ad
1545 2364 1714 2403 meliora
1765 2363 2001 2407 adduxisse,
2045 2364 2146 2403 fides

530 2436 662 2470 tamen
688 2436 746 2470 est
773 2436 976 2483 suspecta.
1002 2431 1144 2481 Itaque
1173 2435 1219 2468 ut
1239 2443 1286 2468 ex
1306 2430 1448 2469 animo
1472 2430 1549 2468 viri
1576 2429 1816 2468 haesitantis
1843 2428 2145 2468 dubitationem

528 2497 713 2547 expellat,
755 2501 871 2535 natos
910 2509 958 2535 ex
995 2495 1167 2534 aedibus
1206 2496 1311 2534 foras
1351 2496 1533 2534 cvocat5.
1575 2495 1648 2533 Vix
1691 2507 1782 2533 vero
1821 2494 1997 2535 adstant,
2048 2506 2145 2533 cum

529 2566 712 2600 materno
739 2574 877 2600 amore
903 2561 1115 2612 paulisper
1150 2561 1368 2610 frangitur,
1405 2565 1627 2612 postquam
1656 2560 1841 2599 dextram
1871 2559 2146 2610 apprehende·

696 2711 701 2717 .
756 2697 770 2716 2
846 2710 853 2717 .

578 2686 841 2765 ;.i}1(iznifiiioag
864 2744 894 2763 v.
918 2733 976 2763 623
998 2743 1015 2764 e
1032 2734 1162 2764 theatro
1180 2734 1253 2772 jam
1270 2733 1428 2764 exiverat.
1448 2750 1483 2755 —-
1501 2732 1666 2762 Similiter
1682 2732 1773 2770 apud
1791 2732 1970 2761 Racinium
1988 2734 2143 2762 nostrum

527 2783 722 2813 Hermiona.
742 2791 820 2812 cum
837 2791 934 2811 scena
950 2781 992 2811 ad
1008 2781 1113 2811 finem
1129 2781 1338 2820 perducitur,
1359 2782 1504 2810 mortem
1528 2780 1657 2818 Pyrrho
1678 2789 1738 2818 per
1757 2779 1918 2817 ambages
1941 2779 2140 2810 minitatur:

822 2829 919 2859 Porte
934 2838 999 2858 aux
1014 2829 1110 2868 pieds
1125 2828 1183 2859 des
1199 2829 1306 2858 autels
1322 2837 1356 2858 ce
1373 2837 1467 2858 coeur
1482 2828 1542 2866 qui
1560 2827 1821 2861 m'abandonne,

823 2877 880 2910 Va,
897 2884 1007 2911 cours,
1025 2876 1112 2907 mais
1127 2877 1238 2906 crains
1254 2885 1355 2906 encor
1370 2876 1424 2914 d’y
1442 2877 1578 2905 trouver
1592 2875 1786 2905 Hermione.

1639 2921 1854 2954 Axnnoiuore,
1876 2921 1955 2953 ¹385.
1973 2922 2000 2951 6.

579 2966 607 2995 3.
633 2965 761 3002 Ibidem,
777 2964 837 2996 885
854 2974 928 3005 sqq.

579 3015 608 3046 Δ.
632 3012 681 3043 Cf.
700 3012 801 3052 Soph.
821 3012 931 3047 Elea„
954 3014 1047 3048 1141:
1066 3013 1172 3047 Rhea,
1189 3012 1259 3053 983.

580 3061 607 3089 5.
633 3060 680 3090 Cf.
701 3059 759 3100 894
778 3069 849 3098 sqq.

2007 3610 2028 3613 ff
2053 3606 2311 3660 bqr„
