<?xml version="1.0" encoding="UTF-8"?>
<!DOCTYPE html PUBLIC "-//W3C//DTD XHTML 1.0 Transitional//EN"
    "http://www.w3.org/TR/xhtml1/DTD/xhtml1-transitional.dtd">
<html xmlns="http://www.w3.org/1999/xhtml" xml:lang="en" lang="en">
 <head>
  <title>
</title>
<meta http-equiv="Content-Type" content="text/html;charset=utf-8" />
  <meta name='ocr-system' content='tesseract 3.04.00' />
  <meta name='ocr-capabilities' content='ocr_page ocr_carea ocr_par ocr_line ocrx_word'/>
</head>
<body>
  <div class='ocr_page' id='page_1' title='image "./detragicaambigui00masquoft_0015.png"; bbox 0 0 2394 3660; ppageno 0'>
   <div class='ocr_carea' id='block_1_1' title="bbox 888 183 1841 212">
    <p class='ocr_par' dir='ltr' id='par_1_1' title="bbox 888 183 1841 212">
     <span class='ocr_line' id='line_1_1' title="bbox 888 183 1841 212; baseline 0.002 -2"><span class='ocrx_word' id='word_1_1' title='bbox 888 183 1183 211; x_wconf 72' lang='lat' dir='ltr'>PROOEMlt‘M.</span> <span class='ocrx_word' id='word_1_2' title='bbox 1804 187 1841 212; x_wconf 91' lang='lat'>11</span> 
     </span>
    </p>
   </div>
   <div class='ocr_carea' id='block_1_2' title="bbox 221 271 1851 1952">
    <p class='ocr_par' dir='ltr' id='par_1_2' title="bbox 225 271 1847 454">
     <span class='ocr_line' id='line_1_2' title="bbox 230 271 1847 322; baseline -0.002 -10"><span class='ocrx_word' id='word_1_3' title='bbox 230 272 326 314; x_wconf 90' lang='lat' dir='ltr'>Ideo</span> <span class='ocrx_word' id='word_1_4' title='bbox 346 272 498 311; x_wconf 87' lang='lat' dir='ltr'>cumis</span> <span class='ocrx_word' id='word_1_5' title='bbox 518 271 670 311; x_wconf 87' lang='lat' dir='ltr'>domus</span> <span class='ocrx_word' id='word_1_6' title='bbox 691 272 818 310; x_wconf 88' lang='lat' dir='ltr'>limen</span> <span class='ocrx_word' id='word_1_7' title='bbox 845 272 983 315; x_wconf 78' lang='lat' dir='ltr'>intrat,</span> <span class='ocrx_word' id='word_1_8' title='bbox 1012 283 1139 322; x_wconf 85' lang='lat' dir='ltr'>prope</span> <span class='ocrx_word' id='word_1_9' title='bbox 1172 272 1398 310; x_wconf 80' lang='lat' dir='ltr'>inferorum</span> <span class='ocrx_word' id='word_1_10' title='bbox 1425 275 1584 322; x_wconf 78' lang='lat' dir='ltr'>portam</span> <span class='ocrx_word' id='word_1_11' title='bbox 1614 272 1738 310; x_wconf 86' lang='lat' dir='ltr'>subit.</span> <span class='ocrx_word' id='word_1_12' title='bbox 1771 273 1847 311; x_wconf 79' lang='lat' dir='ltr'>Res</span> 
     </span>
     <span class='ocr_line' id='line_1_3' title="bbox 225 335 1845 389; baseline -0.001 -14"><span class='ocrx_word' id='word_1_13' title='bbox 225 349 320 376; x_wconf 83' lang='lat' dir='ltr'>vero</span> <span class='ocrx_word' id='word_1_14' title='bbox 334 336 590 389; x_wconf 87' lang='lat' dir='ltr'>jamdudum</span> <span class='ocrx_word' id='word_1_15' title='bbox 611 337 686 376; x_wconf 91' lang='lat' dir='ltr'>toti</span> <span class='ocrx_word' id='word_1_16' title='bbox 710 337 865 376; x_wconf 88' lang='lat' dir='ltr'>theatro</span> <span class='ocrx_word' id='word_1_17' title='bbox 885 337 1147 388; x_wconf 70' lang='lat' dir='ltr'>pervulgatae</span> <span class='ocrx_word' id='word_1_18' title='bbox 1166 350 1174 374; x_wconf 76' lang='grc' dir='ltr'><em>ι</em></span> <span class='ocrx_word' id='word_1_19' title='bbox 1193 336 1450 388; x_wconf 87' lang='lat' dir='ltr'>jamdudum</span> <span class='ocrx_word' id='word_1_20' title='bbox 1477 335 1845 386; x_wconf 71' lang='lat' dir='ltr'>Clytaemnestram</span> 
     </span>
     <span class='ocr_line' id='line_1_4' title="bbox 225 401 1284 454; baseline -0.003 -12"><span class='ocrx_word' id='word_1_21' title='bbox 225 407 469 454; x_wconf 80' lang='lat' dir='ltr'>acceperant</span> <span class='ocrx_word' id='word_1_22' title='bbox 494 414 640 441; x_wconf 90' lang='lat' dir='ltr'>omnes</span> <span class='ocrx_word' id='word_1_23' title='bbox 666 402 790 441; x_wconf 91' lang='lat' dir='ltr'>morti</span> <span class='ocrx_word' id='word_1_24' title='bbox 816 402 1039 452; x_wconf 86' lang='lat' dir='ltr'>conjugem</span> <span class='ocrx_word' id='word_1_25' title='bbox 1067 401 1284 440; x_wconf 88' lang='lat' dir='ltr'>destinare.</span> 
     </span>
    </p>

    <p class='ocr_par' dir='ltr' id='par_1_3' title="bbox 228 465 1849 641">
     <span class='ocr_line' id='line_1_5' title="bbox 281 465 1849 518; baseline -0.001 -12"><span class='ocrx_word' id='word_1_26' title='bbox 281 468 345 506; x_wconf 93' lang='lat' dir='ltr'>Sic</span> <span class='ocrx_word' id='word_1_27' title='bbox 379 467 518 518; x_wconf 81' lang='lat' dir='ltr'>Oedipi</span> <span class='ocrx_word' id='word_1_28' title='bbox 548 467 666 517; x_wconf 72' lang='lat' dir='ltr'>Reqis</span> <span class='ocrx_word' id='word_1_29' title='bbox 701 471 962 518; x_wconf 85' lang='lat' dir='ltr'>spectatores,</span> <span class='ocrx_word' id='word_1_30' title='bbox 998 465 1244 517; x_wconf 87' lang='lat' dir='ltr'>priusquam</span> <span class='ocrx_word' id='word_1_31' title='bbox 1278 471 1434 504; x_wconf 88' lang='lat' dir='ltr'>actores</span> <span class='ocrx_word' id='word_1_32' title='bbox 1467 478 1595 504; x_wconf 89' lang='lat' dir='ltr'>unam</span> <span class='ocrx_word' id='word_1_33' title='bbox 1623 466 1849 504; x_wconf 82' lang='lat' dir='ltr'>edidissent</span> 
     </span>
     <span class='ocr_line' id='line_1_6' title="bbox 228 530 1845 583; baseline 0.001 -13"><span class='ocrx_word' id='word_1_34' title='bbox 228 532 444 583; x_wconf 81' lang='lat' dir='ltr'>syllabam,</span> <span class='ocrx_word' id='word_1_35' title='bbox 486 537 711 582; x_wconf 76' lang='lat' dir='ltr'>tyrannum</span> <span class='ocrx_word' id='word_1_36' title='bbox 750 543 825 582; x_wconf 88' lang='lat' dir='ltr'>pro</span> <span class='ocrx_word' id='word_1_37' title='bbox 858 535 967 570; x_wconf 88' lang='lat' dir='ltr'>certo</span> <span class='ocrx_word' id='word_1_38' title='bbox 999 530 1208 569; x_wconf 83' lang='lat' dir='ltr'>habebant</span> <span class='ocrx_word' id='word_1_39' title='bbox 1246 530 1390 569; x_wconf 83' lang='lat' dir='ltr'>Laium</span> <span class='ocrx_word' id='word_1_40' title='bbox 1431 535 1586 581; x_wconf 88' lang='lat' dir='ltr'>patrem</span> <span class='ocrx_word' id='word_1_41' title='bbox 1632 530 1845 571; x_wconf 87' lang='lat' dir='ltr'>occidisse.</span> 
     </span>
     <span class='ocr_line' id='line_1_7' title="bbox 228 595 1247 641; baseline -0.004 -4"><span class='ocrx_word' id='word_1_42' title='bbox 228 602 401 637; x_wconf 89' lang='lat' dir='ltr'>matrem</span> <span class='ocrx_word' id='word_1_43' title='bbox 427 597 607 641; x_wconf 85' lang='lat' dir='ltr'>duxisse,</span> <span class='ocrx_word' id='word_1_44' title='bbox 637 601 676 635; x_wconf 90' lang='lat' dir='ltr'>et</span> <span class='ocrx_word' id='word_1_45' title='bbox 701 597 867 635; x_wconf 78' lang='lat' dir='ltr'>fratrem</span> <span class='ocrx_word' id='word_1_46' title='bbox 895 608 982 635; x_wconf 87' lang='lat' dir='ltr'>esse</span> <span class='ocrx_word' id='word_1_47' title='bbox 1007 595 1247 634; x_wconf 89' lang='lat' dir='ltr'>liberorum.</span> 
     </span>
    </p>

    <p class='ocr_par' dir='ltr' id='par_1_4' title="bbox 225 661 1851 1168">
     <span class='ocr_line' id='line_1_8' title="bbox 280 661 1849 715; baseline -0.003 -13"><span class='ocrx_word' id='word_1_48' title='bbox 280 664 372 713; x_wconf 89' lang='lat' dir='ltr'>Quo</span> <span class='ocrx_word' id='word_1_49' title='bbox 390 664 517 715; x_wconf 86' lang='lat' dir='ltr'>probe</span> <span class='ocrx_word' id='word_1_50' title='bbox 538 662 718 701; x_wconf 90' lang='lat' dir='ltr'>stabilito</span> <span class='ocrx_word' id='word_1_51' title='bbox 737 666 776 700; x_wconf 89' lang='lat' dir='ltr'>et</span> <span class='ocrx_word' id='word_1_52' title='bbox 796 662 890 703; x_wconf 82' lang='lat' dir='ltr'>fixo,</span> <span class='ocrx_word' id='word_1_53' title='bbox 915 662 1014 700; x_wconf 89' lang='lat' dir='ltr'>haec</span> <span class='ocrx_word' id='word_1_54' title='bbox 1035 665 1096 699; x_wconf 88' lang='lat' dir='ltr'>est</span> <span class='ocrx_word' id='word_1_55' title='bbox 1123 661 1374 710; x_wconf 78' lang='lat' dir='ltr'>tragicorum</span> <span class='ocrx_word' id='word_1_56' title='bbox 1402 661 1676 702; x_wconf 75' lang='lat' dir='ltr'>consuetudo.</span> <span class='ocrx_word' id='word_1_57' title='bbox 1706 661 1849 711; x_wconf 81' lang='lat' dir='ltr'>utique</span> 
     </span>
     <span class='ocr_line' id='line_1_9' title="bbox 228 715 1846 780; baseline -0.002 -12"><span class='ocrx_word' id='word_1_58' title='bbox 228 729 450 780; x_wconf 84' lang='lat' dir='ltr'>Euripidis.</span> <span class='ocrx_word' id='word_1_59' title='bbox 493 728 561 767; x_wconf 90' lang='lat' dir='ltr'>cui</span> <span class='ocrx_word' id='word_1_60' title='bbox 599 715 870 766; x_wconf 84' lang='lat' dir='ltr'>attentissime</span> <span class='ocrx_word' id='word_1_61' title='bbox 910 727 949 765; x_wconf 91' lang='lat' dir='ltr'>in</span> <span class='ocrx_word' id='word_1_62' title='bbox 984 727 1063 766; x_wconf 87' lang='lat' dir='ltr'>hoc</span> <span class='ocrx_word' id='word_1_63' title='bbox 1098 726 1236 764; x_wconf 88' lang='lat' dir='ltr'>libello</span> <span class='ocrx_word' id='word_1_64' title='bbox 1271 726 1525 764; x_wconf 83' lang='lat' dir='ltr'>studuimus.</span> <span class='ocrx_word' id='word_1_65' title='bbox 1568 727 1675 764; x_wconf 84' lang='lat' dir='ltr'>Cum</span> <span class='ocrx_word' id='word_1_66' title='bbox 1713 739 1846 764; x_wconf 85' lang='lat' dir='ltr'>rerum</span> 
     </span>
     <span class='ocr_line' id='line_1_10' title="bbox 227 791 1846 845; baseline -0.002 -12"><span class='ocrx_word' id='word_1_67' title='bbox 227 794 424 845; x_wconf 84' lang='lat' dir='ltr'>cognitio,</span> <span class='ocrx_word' id='word_1_68' title='bbox 447 805 550 844; x_wconf 87' lang='lat' dir='ltr'>quas</span> <span class='ocrx_word' id='word_1_69' title='bbox 570 793 614 830; x_wconf 90' lang='lat' dir='ltr'>in</span> <span class='ocrx_word' id='word_1_70' title='bbox 629 792 780 830; x_wconf 89' lang='lat' dir='ltr'>fabulis</span> <span class='ocrx_word' id='word_1_71' title='bbox 795 792 1005 842; x_wconf 74' lang='lat' dir='ltr'>produxit,</span> <span class='ocrx_word' id='word_1_72' title='bbox 1024 791 1210 842; x_wconf 85' lang='lat' dir='ltr'>personis</span> <span class='ocrx_word' id='word_1_73' title='bbox 1225 803 1272 830; x_wconf 87' lang='lat' dir='ltr'>ac</span> <span class='ocrx_word' id='word_1_74' title='bbox 1290 792 1587 842; x_wconf 83' lang='lat' dir='ltr'>spectatoribus</span> <span class='ocrx_word' id='word_1_75' title='bbox 1605 804 1687 830; x_wconf 89' lang='lat' dir='ltr'>non</span> <span class='ocrx_word' id='word_1_76' title='bbox 1705 792 1846 830; x_wconf 76' lang='lat' dir='ltr'>eaden·</span> 
     </span>
     <span class='ocr_line' id='line_1_11' title="bbox 226 857 1847 908; baseline -0.003 -9"><span class='ocrx_word' id='word_1_77' title='bbox 226 865 346 903; x_wconf 86' lang='lat' dir='ltr'>esset,</span> <span class='ocrx_word' id='word_1_78' title='bbox 369 864 525 898; x_wconf 88' lang='lat' dir='ltr'>actores</span> <span class='ocrx_word' id='word_1_79' title='bbox 548 870 644 896; x_wconf 90' lang='lat' dir='ltr'>suos</span> <span class='ocrx_word' id='word_1_80' title='bbox 665 858 720 896; x_wconf 89' lang='lat' dir='ltr'>ita</span> <span class='ocrx_word' id='word_1_81' title='bbox 740 857 855 908; x_wconf 90' lang='lat' dir='ltr'>loqui</span> <span class='ocrx_word' id='word_1_82' title='bbox 877 869 995 907; x_wconf 88' lang='lat' dir='ltr'>saepe</span> <span class='ocrx_word' id='word_1_83' title='bbox 1015 857 1158 897; x_wconf 73' lang='lat' dir='ltr'>voluit.</span> <span class='ocrx_word' id='word_1_84' title='bbox 1183 862 1226 895; x_wconf 87' lang='lat' dir='ltr'>ut</span> <span class='ocrx_word' id='word_1_85' title='bbox 1244 857 1364 895; x_wconf 63' lang='lat' dir='ltr'>verba</span> <span class='ocrx_word' id='word_1_86' title='bbox 1384 862 1465 895; x_wconf 87' lang='lat' dir='ltr'>tam</span> <span class='ocrx_word' id='word_1_87' title='bbox 1483 862 1575 908; x_wconf 89' lang='lat' dir='ltr'>apte</span> <span class='ocrx_word' id='word_1_88' title='bbox 1593 857 1691 895; x_wconf 82' lang='lat' dir='ltr'>huic</span> <span class='ocrx_word' id='word_1_89' title='bbox 1712 869 1847 895; x_wconf 77' lang='lat' dir='ltr'>reruni</span> 
     </span>
     <span class='ocr_line' id='line_1_12' title="bbox 229 922 1846 973; baseline -0.002 -10"><span class='ocrx_word' id='word_1_90' title='bbox 229 924 390 964; x_wconf 89' lang='lat' dir='ltr'>habitui</span> <span class='ocrx_word' id='word_1_91' title='bbox 419 923 701 966; x_wconf 77' lang='lat' dir='ltr'>convenirent,</span> <span class='ocrx_word' id='word_1_92' title='bbox 733 934 858 973; x_wconf 89' lang='lat' dir='ltr'>quem</span> <span class='ocrx_word' id='word_1_93' title='bbox 891 923 1078 971; x_wconf 86' lang='lat' dir='ltr'>ignorare</span> <span class='ocrx_word' id='word_1_94' title='bbox 1108 922 1374 963; x_wconf 82' lang='lat' dir='ltr'>haberentur,</span> <span class='ocrx_word' id='word_1_95' title='bbox 1407 934 1534 972; x_wconf 82' lang='lat' dir='ltr'>quam</span> <span class='ocrx_word' id='word_1_96' title='bbox 1564 922 1614 959; x_wconf 87' lang='lat' dir='ltr'>ad</span> <span class='ocrx_word' id='word_1_97' title='bbox 1644 922 1777 962; x_wconf 83' lang='lat' dir='ltr'>illum.</span> <span class='ocrx_word' id='word_1_98' title='bbox 1808 923 1846 959; x_wconf 90' lang='lat' dir='ltr'>in</span> 
     </span>
     <span class='ocr_line' id='line_1_13' title="bbox 227 987 1851 1040; baseline -0.002 -13"><span class='ocrx_word' id='word_1_99' title='bbox 227 1001 310 1040; x_wconf 92' lang='lat' dir='ltr'>quo</span> <span class='ocrx_word' id='word_1_100' title='bbox 330 1001 374 1027; x_wconf 87' lang='lat' dir='ltr'>se</span> <span class='ocrx_word' id='word_1_101' title='bbox 392 988 542 1027; x_wconf 89' lang='lat' dir='ltr'>versari</span> <span class='ocrx_word' id='word_1_102' title='bbox 565 988 665 1026; x_wconf 88' lang='lat' dir='ltr'>salso</span> <span class='ocrx_word' id='word_1_103' title='bbox 685 987 897 1026; x_wconf 81' lang='lat' dir='ltr'>ducerent.</span> <span class='ocrx_word' id='word_1_104' title='bbox 922 987 996 1025; x_wconf 89' lang='lat' dir='ltr'>His</span> <span class='ocrx_word' id='word_1_105' title='bbox 1017 987 1145 1037; x_wconf 88' lang='lat' dir='ltr'>igitur</span> <span class='ocrx_word' id='word_1_106' title='bbox 1166 987 1451 1037; x_wconf 85' lang='lat' dir='ltr'>imprudenter</span> <span class='ocrx_word' id='word_1_107' title='bbox 1470 987 1590 1025; x_wconf 89' lang='lat' dir='ltr'>dictis</span> <span class='ocrx_word' id='word_1_108' title='bbox 1619 999 1699 1025; x_wconf 89' lang='lat' dir='ltr'>una</span> <span class='ocrx_word' id='word_1_109' title='bbox 1729 988 1851 1037; x_wconf 84' lang='lat' dir='ltr'>signi-</span> 
     </span>
     <span class='ocr_line' id='line_1_14' title="bbox 225 1051 1849 1103; baseline -0.002 -11"><span class='ocrx_word' id='word_1_110' title='bbox 225 1053 361 1092; x_wconf 82' lang='lat' dir='ltr'>ficatio</span> <span class='ocrx_word' id='word_1_111' title='bbox 387 1053 514 1095; x_wconf 87' lang='lat' dir='ltr'>subit,</span> <span class='ocrx_word' id='word_1_112' title='bbox 550 1064 678 1103; x_wconf 89' lang='lat' dir='ltr'>quam</span> <span class='ocrx_word' id='word_1_113' title='bbox 714 1052 788 1090; x_wconf 82' lang='lat' dir='ltr'>soli</span> <span class='ocrx_word' id='word_1_114' title='bbox 823 1056 1070 1103; x_wconf 82' lang='lat' dir='ltr'>spectatores</span> <span class='ocrx_word' id='word_1_115' title='bbox 1100 1051 1403 1090; x_wconf 79' lang='lat' dir='ltr'>discernebant.</span> <span class='ocrx_word' id='word_1_116' title='bbox 1435 1052 1538 1090; x_wconf 86' lang='lat' dir='ltr'>dnm</span> <span class='ocrx_word' id='word_1_117' title='bbox 1570 1051 1849 1102; x_wconf 78' lang='lat' dir='ltr'>percipiebant</span> 
     </span>
     <span class='ocr_line' id='line_1_15' title="bbox 226 1118 1186 1168; baseline -0.002 -11"><span class='ocrx_word' id='word_1_118' title='bbox 226 1119 395 1158; x_wconf 85' lang='lat' dir='ltr'>alteram</span> <span class='ocrx_word' id='word_1_119' title='bbox 422 1118 549 1156; x_wconf 89' lang='lat' dir='ltr'>simul</span> <span class='ocrx_word' id='word_1_120' title='bbox 575 1123 613 1156; x_wconf 89' lang='lat' dir='ltr'>et</span> <span class='ocrx_word' id='word_1_121' title='bbox 638 1129 835 1168; x_wconf 88' lang='lat' dir='ltr'>personae</span> <span class='ocrx_word' id='word_1_122' title='bbox 861 1122 900 1156; x_wconf 88' lang='lat' dir='ltr'>et</span> <span class='ocrx_word' id='word_1_123' title='bbox 925 1122 1186 1168; x_wconf 83' lang='lat' dir='ltr'>spectatores.</span> 
     </span>
    </p>

    <p class='ocr_par' dir='ltr' id='par_1_5' title="bbox 221 1182 1850 1690">
     <span class='ocr_line' id='line_1_16' title="bbox 275 1182 1846 1234; baseline -0.001 -11"><span class='ocrx_word' id='word_1_124' title='bbox 275 1183 490 1234; x_wconf 86' lang='lat' dir='ltr'>Contingit</span> <span class='ocrx_word' id='word_1_125' title='bbox 503 1184 628 1223; x_wconf 87' lang='lat' dir='ltr'>etiam</span> <span class='ocrx_word' id='word_1_126' title='bbox 648 1188 694 1221; x_wconf 92' lang='lat' dir='ltr'>ut</span> <span class='ocrx_word' id='word_1_127' title='bbox 710 1183 838 1233; x_wconf 89' lang='lat' dir='ltr'>hujus</span> <span class='ocrx_word' id='word_1_128' title='bbox 856 1183 998 1221; x_wconf 88' lang='lat' dir='ltr'>reserat</span> <span class='ocrx_word' id='word_1_129' title='bbox 1014 1183 1173 1233; x_wconf 87' lang='lat' dir='ltr'>aliquid</span> <span class='ocrx_word' id='word_1_130' title='bbox 1189 1183 1247 1221; x_wconf 91' lang='lat' dir='ltr'>illi</span> <span class='ocrx_word' id='word_1_131' title='bbox 1264 1182 1541 1223; x_wconf 88' lang='lat' dir='ltr'>dissimulare.</span> <span class='ocrx_word' id='word_1_132' title='bbox 1561 1183 1644 1220; x_wconf 66' lang='lat' dir='ltr'>sive</span> <span class='ocrx_word' id='word_1_133' title='bbox 1661 1183 1846 1222; x_wconf 85' lang='lat' dir='ltr'>insidias.</span> 
     </span>
     <span class='ocr_line' id='line_1_17' title="bbox 227 1248 1849 1300; baseline -0.002 -13"><span class='ocrx_word' id='word_1_134' title='bbox 227 1250 310 1288; x_wconf 80' lang='lat' dir='ltr'>sive</span> <span class='ocrx_word' id='word_1_135' title='bbox 330 1253 508 1287; x_wconf 87' lang='lat' dir='ltr'>mortem</span> <span class='ocrx_word' id='word_1_136' title='bbox 529 1249 744 1300; x_wconf 84' lang='lat' dir='ltr'>paraverit.</span> <span class='ocrx_word' id='word_1_137' title='bbox 768 1249 875 1286; x_wconf 87' lang='lat' dir='ltr'>Tum</span> <span class='ocrx_word' id='word_1_138' title='bbox 898 1248 1009 1299; x_wconf 88' lang='lat' dir='ltr'>prior</span> <span class='ocrx_word' id='word_1_139' title='bbox 1029 1248 1193 1286; x_wconf 89' lang='lat' dir='ltr'>conscia</span> <span class='ocrx_word' id='word_1_140' title='bbox 1214 1253 1353 1286; x_wconf 90' lang='lat' dir='ltr'>mente</span> <span class='ocrx_word' id='word_1_141' title='bbox 1374 1260 1514 1285; x_wconf 69' lang='lat' dir='ltr'>versus</span> <span class='ocrx_word' id='word_1_142' title='bbox 1534 1253 1722 1298; x_wconf 82' lang='lat' dir='ltr'>usurpat,</span> <span class='ocrx_word' id='word_1_143' title='bbox 1745 1260 1849 1298; x_wconf 85' lang='lat' dir='ltr'>quos</span> 
     </span>
     <span class='ocr_line' id='line_1_18' title="bbox 223 1313 1846 1366; baseline -0.001 -13"><span class='ocrx_word' id='word_1_144' title='bbox 223 1314 445 1366; x_wconf 82' lang='lat' dir='ltr'>dupliciter</span> <span class='ocrx_word' id='word_1_145' title='bbox 465 1314 698 1364; x_wconf 84' lang='lat' dir='ltr'>intellegere</span> <span class='ocrx_word' id='word_1_146' title='bbox 719 1314 825 1351; x_wconf 90' lang='lat' dir='ltr'>licet.</span> <span class='ocrx_word' id='word_1_147' title='bbox 852 1314 1054 1351; x_wconf 79' lang='lat' dir='ltr'>Posterior</span> <span class='ocrx_word' id='word_1_148' title='bbox 1076 1324 1169 1351; x_wconf 68' lang='lat' dir='ltr'>vero</span> <span class='ocrx_word' id='word_1_149' title='bbox 1192 1325 1362 1351; x_wconf 84' lang='lat' dir='ltr'>sensum</span> <span class='ocrx_word' id='word_1_150' title='bbox 1390 1325 1523 1351; x_wconf 89' lang='lat' dir='ltr'>unum</span> <span class='ocrx_word' id='word_1_151' title='bbox 1551 1319 1585 1351; x_wconf 85' lang='lat' dir='ltr'>et</span> <span class='ocrx_word' id='word_1_152' title='bbox 1617 1313 1846 1364; x_wconf 83' lang='lat' dir='ltr'>simplicem</span> 
     </span>
     <span class='ocr_line' id='line_1_19' title="bbox 226 1378 1847 1429; baseline -0.001 -11"><span class='ocrx_word' id='word_1_153' title='bbox 226 1380 266 1418; x_wconf 89' lang='lat' dir='ltr'>in</span> <span class='ocrx_word' id='word_1_154' title='bbox 294 1380 352 1418; x_wconf 83' lang='lat' dir='ltr'>eis</span> <span class='ocrx_word' id='word_1_155' title='bbox 379 1379 526 1429; x_wconf 83' lang='lat' dir='ltr'>subjici</span> <span class='ocrx_word' id='word_1_156' title='bbox 555 1379 790 1419; x_wconf 87' lang='lat' dir='ltr'>arbitratur.</span> <span class='ocrx_word' id='word_1_157' title='bbox 821 1379 996 1416; x_wconf 86' lang='lat' dir='ltr'>alterum</span> <span class='ocrx_word' id='word_1_158' title='bbox 1029 1378 1196 1416; x_wconf 75' lang='lat' dir='ltr'>subesse</span> <span class='ocrx_word' id='word_1_159' title='bbox 1225 1390 1310 1416; x_wconf 91' lang='lat' dir='ltr'>non</span> <span class='ocrx_word' id='word_1_160' title='bbox 1342 1379 1589 1428; x_wconf 80' lang='lat' dir='ltr'>suspicatus.</span> <span class='ocrx_word' id='word_1_161' title='bbox 1619 1391 1743 1429; x_wconf 85' lang='lat' dir='ltr'>quem</span> <span class='ocrx_word' id='word_1_162' title='bbox 1776 1391 1847 1416; x_wconf 83' lang='lat' dir='ltr'>sua</span> 
     </span>
     <span class='ocr_line' id='line_1_20' title="bbox 224 1443 1845 1494; baseline 0 -11"><span class='ocrx_word' id='word_1_163' title='bbox 224 1445 407 1483; x_wconf 91' lang='lat' dir='ltr'>multum</span> <span class='ocrx_word' id='word_1_164' title='bbox 437 1444 669 1483; x_wconf 86' lang='lat' dir='ltr'>discernere</span> <span class='ocrx_word' id='word_1_165' title='bbox 698 1444 924 1485; x_wconf 81' lang='lat' dir='ltr'>interesset.</span> <span class='ocrx_word' id='word_1_166' title='bbox 958 1456 1055 1481; x_wconf 88' lang='lat' dir='ltr'>cum</span> <span class='ocrx_word' id='word_1_167' title='bbox 1082 1457 1226 1482; x_wconf 87' lang='lat' dir='ltr'>rursus</span> <span class='ocrx_word' id='word_1_168' title='bbox 1254 1448 1516 1494; x_wconf 86' lang='lat' dir='ltr'>spectatores.</span> <span class='ocrx_word' id='word_1_169' title='bbox 1542 1449 1583 1481; x_wconf 87' lang='lat' dir='ltr'>ut</span> <span class='ocrx_word' id='word_1_170' title='bbox 1613 1448 1725 1482; x_wconf 89' lang='lat' dir='ltr'>actor</span> <span class='ocrx_word' id='word_1_171' title='bbox 1744 1443 1845 1494; x_wconf 84' lang='lat' dir='ltr'>ipse.</span> 
     </span>
     <span class='ocr_line' id='line_1_21' title="bbox 221 1509 1850 1560; baseline -0.001 -12"><span class='ocrx_word' id='word_1_172' title='bbox 221 1510 294 1560; x_wconf 86' lang='lat' dir='ltr'>qui</span> <span class='ocrx_word' id='word_1_173' title='bbox 315 1514 449 1548; x_wconf 87' lang='lat' dir='ltr'>astute</span> <span class='ocrx_word' id='word_1_174' title='bbox 468 1510 633 1548; x_wconf 83' lang='lat' dir='ltr'>locutus</span> <span class='ocrx_word' id='word_1_175' title='bbox 659 1514 732 1553; x_wconf 86' lang='lat' dir='ltr'>est,</span> <span class='ocrx_word' id='word_1_176' title='bbox 764 1521 898 1547; x_wconf 83' lang='lat' dir='ltr'>unum</span> <span class='ocrx_word' id='word_1_177' title='bbox 926 1514 964 1547; x_wconf 87' lang='lat' dir='ltr'>et</span> <span class='ocrx_word' id='word_1_178' title='bbox 993 1509 1166 1547; x_wconf 88' lang='lat' dir='ltr'>alterum</span> <span class='ocrx_word' id='word_1_179' title='bbox 1199 1509 1387 1547; x_wconf 85' lang='lat' dir='ltr'>similiter</span> <span class='ocrx_word' id='word_1_180' title='bbox 1415 1509 1556 1546; x_wconf 86' lang='lat' dir='ltr'>animo</span> <span class='ocrx_word' id='word_1_181' title='bbox 1585 1509 1850 1559; x_wconf 83' lang='lat' dir='ltr'>comprehen-</span> 
     </span>
     <span class='ocr_line' id='line_1_22' title="bbox 224 1574 1848 1624; baseline -0.002 -11"><span class='ocrx_word' id='word_1_182' title='bbox 224 1575 379 1613; x_wconf 89' lang='lat' dir='ltr'>derent.</span> <span class='ocrx_word' id='word_1_183' title='bbox 412 1574 617 1619; x_wconf 83' lang='lat' dir='ltr'>Ceterum,</span> <span class='ocrx_word' id='word_1_184' title='bbox 655 1586 704 1613; x_wconf 91' lang='lat' dir='ltr'>ne</span> <span class='ocrx_word' id='word_1_185' title='bbox 737 1587 799 1613; x_wconf 91' lang='lat' dir='ltr'>res</span> <span class='ocrx_word' id='word_1_186' title='bbox 830 1575 999 1612; x_wconf 84' lang='lat' dir='ltr'>forsitan</span> <span class='ocrx_word' id='word_1_187' title='bbox 1034 1575 1085 1612; x_wconf 85' lang='lat' dir='ltr'>sit.</span> <span class='ocrx_word' id='word_1_188' title='bbox 1118 1574 1347 1618; x_wconf 87' lang='lat' dir='ltr'>obscurior,</span> <span class='ocrx_word' id='word_1_189' title='bbox 1380 1574 1593 1612; x_wconf 82' lang='lat' dir='ltr'>notissima</span> <span class='ocrx_word' id='word_1_190' title='bbox 1630 1575 1848 1624; x_wconf 84' lang='lat' dir='ltr'>utriusque</span> 
     </span>
     <span class='ocr_line' id='line_1_23' title="bbox 221 1634 1825 1690; baseline -0.001 -12"><span class='ocrx_word' id='word_1_191' title='bbox 221 1639 505 1690; x_wconf 86' lang='lat' dir='ltr'>ambiguitatis</span> <span class='ocrx_word' id='word_1_192' title='bbox 531 1640 716 1690; x_wconf 80' lang='lat' dir='ltr'>exempla</span> <span class='ocrx_word' id='word_1_193' title='bbox 745 1639 882 1678; x_wconf 86' lang='lat' dir='ltr'>statim</span> <span class='ocrx_word' id='word_1_194' title='bbox 911 1639 1089 1690; x_wconf 80' lang='lat' dir='ltr'>pr‹:›ferre</span> <span class='ocrx_word' id='word_1_195' title='bbox 1117 1639 1339 1677; x_wconf 70' lang='lat' dir='ltr'>wluimus.</span> <span class='ocrx_word' id='word_1_196' title='bbox 1821 1634 1825 1638; x_wconf 78' lang='grc'><strong>’</strong></span> 
     </span>
    </p>

    <p class='ocr_par' dir='ltr' id='par_1_6' title="bbox 223 1700 1848 1952">
     <span class='ocr_line' id='line_1_24' title="bbox 277 1700 1848 1756; baseline -0.001 -12"><span class='ocrx_word' id='word_1_197' title='bbox 277 1700 630 1744; x_wconf 76' lang='lat' dir='ltr'>Sciebant&#39;omnes</span> <span class='ocrx_word' id='word_1_198' title='bbox 652 1705 936 1749; x_wconf 76' lang='lat' dir='ltr'>Athenienses,</span> <span class='ocrx_word' id='word_1_199' title='bbox 958 1710 1002 1743; x_wconf 88' lang='lat' dir='ltr'>nt</span> <span class='ocrx_word' id='word_1_200' title='bbox 1023 1717 1146 1756; x_wconf 84' lang='lat' dir='ltr'>supra</span> <span class='ocrx_word' id='word_1_201' title='bbox 1168 1705 1329 1743; x_wconf 85' lang='lat' dir='ltr'>dietum</span> <span class='ocrx_word' id='word_1_202' title='bbox 1350 1710 1424 1749; x_wconf 86' lang='lat' dir='ltr'>est,</span> <span class='ocrx_word' id='word_1_203' title='bbox 1444 1706 1687 1756; x_wconf 81' lang='lat' dir='ltr'>priusquam</span> <span class='ocrx_word' id='word_1_204' title='bbox 1711 1705 1848 1743; x_wconf 84' lang='lat' dir='ltr'>sabula</span> 
     </span>
     <span class='ocr_line' id='line_1_25' title="bbox 223 1771 1848 1822; baseline -0.002 -12"><span class='ocrx_word' id='word_1_205' title='bbox 223 1771 274 1810; x_wconf 87' lang='lat' dir='ltr'>ad</span> <span class='ocrx_word' id='word_1_206' title='bbox 322 1772 478 1810; x_wconf 80' lang='lat' dir='ltr'>exitum</span> <span class='ocrx_word' id='word_1_207' title='bbox 518 1771 825 1822; x_wconf 87' lang='lat' dir='ltr'>perduceretur.</span> <span class='ocrx_word' id='word_1_208' title='bbox 860 1771 1081 1822; x_wconf 81' lang='lat' dir='ltr'>Oedipum.</span> <span class='ocrx_word' id='word_1_209' title='bbox 1121 1776 1263 1809; x_wconf 83' lang='lat' dir='ltr'>necato</span> <span class='ocrx_word' id='word_1_210' title='bbox 1305 1777 1432 1822; x_wconf 82' lang='lat' dir='ltr'>patre,</span> <span class='ocrx_word' id='word_1_211' title='bbox 1475 1772 1624 1809; x_wconf 87' lang='lat' dir='ltr'>liberos</span> <span class='ocrx_word' id='word_1_212' title='bbox 1659 1784 1680 1808; x_wconf 88' lang='lat' dir='ltr'>e</span> <span class='ocrx_word' id='word_1_213' title='bbox 1719 1776 1848 1809; x_wconf 75' lang='lat' dir='ltr'>matrs·</span> 
     </span>
     <span class='ocr_line' id='line_1_26' title="bbox 227 1836 1845 1888; baseline -0.001 -13"><span class='ocrx_word' id='word_1_214' title='bbox 227 1837 379 1875; x_wconf 86' lang='lat' dir='ltr'>Iocasta</span> <span class='ocrx_word' id='word_1_215' title='bbox 399 1837 606 1888; x_wconf 85' lang='lat' dir='ltr'>genuisse.</span> <span class='ocrx_word' id='word_1_216' title='bbox 632 1836 740 1877; x_wconf 87' lang='lat' dir='ltr'>Ideo,</span> <span class='ocrx_word' id='word_1_217' title='bbox 764 1848 863 1875; x_wconf 92' lang='lat' dir='ltr'>cum</span> <span class='ocrx_word' id='word_1_218' title='bbox 885 1837 1047 1877; x_wconf 81' lang='lat' dir='ltr'>nuntio.</span> <span class='ocrx_word' id='word_1_219' title='bbox 1072 1836 1143 1874; x_wconf 88' lang='lat' dir='ltr'>ubi</span> <span class='ocrx_word' id='word_1_220' title='bbox 1169 1836 1218 1874; x_wconf 81' lang='lat' dir='ltr'>sit</span> <span class='ocrx_word' id='word_1_221' title='bbox 1248 1837 1402 1883; x_wconf 74' lang='lat' dir='ltr'>regina.</span> <span class='ocrx_word' id='word_1_222' title='bbox 1427 1837 1709 1886; x_wconf 84' lang='lat' dir='ltr'>interroganti.</span> <span class='ocrx_word' id='word_1_223' title='bbox 1733 1836 1845 1874; x_wconf 87' lang='lat' dir='ltr'>chori</span> 
     </span>
     <span class='ocr_line' id='line_1_27' title="bbox 225 1902 686 1952; baseline 0 -12"><span class='ocrx_word' id='word_1_224' title='bbox 225 1902 416 1952; x_wconf 88' lang='lat' dir='ltr'>princeps</span> <span class='ocrx_word' id='word_1_225' title='bbox 444 1902 686 1952; x_wconf 85' lang='lat' dir='ltr'>respondet:</span> 
     </span>
    </p>
   </div>
   <div class='ocr_carea' id='block_1_3' title="bbox 625 2016 1442 2069">
    <p class='ocr_par' dir='ltr' id='par_1_7' title="bbox 625 2016 1442 2069">
     <span class='ocr_line' id='line_1_28' title="bbox 625 2016 1442 2069; baseline -0.001 -14"><span class='ocrx_word' id='word_1_226' title='bbox 625 2017 714 2066; x_wconf 76' lang='grc' dir='ltr'>Γυνὴ</span> <span class='ocrx_word' id='word_1_227' title='bbox 735 2016 774 2055; x_wconf 64' lang='grc' dir='ltr'>δὲ</span> <span class='ocrx_word' id='word_1_228' title='bbox 796 2018 918 2069; x_wconf 71' lang='grc' dir='ltr'>μήτηρ</span> <span class='ocrx_word' id='word_1_229' title='bbox 939 2016 1005 2066; x_wconf 67' lang='grc' dir='ltr'>ἥδε</span> <span class='ocrx_word' id='word_1_230' title='bbox 1026 2021 1098 2055; x_wconf 76' lang='grc' dir='ltr'>τῶν</span> <span class='ocrx_word' id='word_1_231' title='bbox 1119 2018 1239 2055; x_wconf 60' lang='grc' dir='ltr'>κείνω</span> <span class='ocrx_word' id='word_1_232' title='bbox 1263 2018 1399 2055; x_wconf 70' lang='grc' dir='ltr'>τέκνων</span> <span class='ocrx_word' id='word_1_233' title='bbox 1415 2027 1442 2054; x_wconf 85' lang='lat'>¹.</span> 
     </span>
    </p>
   </div>
   <div class='ocr_carea' id='block_1_4' title="bbox 223 2152 1846 2205">
    <p class='ocr_par' dir='ltr' id='par_1_8' title="bbox 223 2152 1846 2205">
     <span class='ocr_line' id='line_1_29' title="bbox 223 2152 1846 2205; baseline -0.002 -14"><span class='ocrx_word' id='word_1_234' title='bbox 223 2152 433 2191; x_wconf 86' lang='lat' dir='ltr'>credimus</span> <span class='ocrx_word' id='word_1_235' title='bbox 453 2153 625 2191; x_wconf 89' lang='lat' dir='ltr'>consilio</span> <span class='ocrx_word' id='word_1_236' title='bbox 647 2153 818 2191; x_wconf 83' lang='lat' dir='ltr'>nomina</span> <span class='ocrx_word' id='word_1_237' title='bbox 838 2155 932 2204; x_wconf 75' lang='grc' dir='ltr'>γυνὴ</span> <span class='ocrx_word' id='word_1_238' title='bbox 959 2154 998 2193; x_wconf 69' lang='grc' dir='ltr'>δὲ</span> <span class='ocrx_word' id='word_1_239' title='bbox 1027 2155 1148 2205; x_wconf 51' lang='grc' dir='ltr'>’Λή-,ηρ</span> <span class='ocrx_word' id='word_1_240' title='bbox 1178 2153 1229 2190; x_wconf 87' lang='lat' dir='ltr'>ita</span> <span class='ocrx_word' id='word_1_241' title='bbox 1258 2153 1478 2203; x_wconf 81' lang='lat' dir='ltr'>conjuncta</span> <span class='ocrx_word' id='word_1_242' title='bbox 1507 2164 1608 2194; x_wconf 85' lang='lat' dir='ltr'>esse,</span> <span class='ocrx_word' id='word_1_243' title='bbox 1631 2156 1677 2189; x_wconf 89' lang='lat' dir='ltr'>ut</span> <span class='ocrx_word' id='word_1_244' title='bbox 1703 2164 1846 2190; x_wconf 83' lang='lat' dir='ltr'>omnes</span> 
     </span>
    </p>
   </div>
   <div class='ocr_carea' id='block_1_5' title="bbox 224 2217 1848 2594">
    <p class='ocr_par' dir='ltr' id='par_1_9' title="bbox 224 2217 1848 2400">
     <span class='ocr_line' id='line_1_30' title="bbox 224 2217 1847 2269; baseline -0.002 -13"><span class='ocrx_word' id='word_1_245' title='bbox 224 2218 507 2267; x_wconf 89' lang='lat' dir='ltr'>intellegerent.</span> <span class='ocrx_word' id='word_1_246' title='bbox 532 2230 622 2256; x_wconf 88' lang='lat' dir='ltr'>earn</span> <span class='ocrx_word' id='word_1_247' title='bbox 651 2218 807 2261; x_wconf 85' lang='lat' dir='ltr'>adesse,</span> <span class='ocrx_word' id='word_1_248' title='bbox 837 2231 943 2269; x_wconf 84' lang='lat' dir='ltr'>quae</span> <span class='ocrx_word' id='word_1_249' title='bbox 971 2218 1095 2256; x_wconf 83' lang='lat' dir='ltr'>simul</span> <span class='ocrx_word' id='word_1_250' title='bbox 1116 2223 1151 2256; x_wconf 85' lang='lat' dir='ltr'>et</span> <span class='ocrx_word' id='word_1_251' title='bbox 1176 2230 1279 2255; x_wconf 72' lang='lat' dir='ltr'>uxor</span> <span class='ocrx_word' id='word_1_252' title='bbox 1305 2222 1338 2255; x_wconf 88' lang='lat' dir='ltr'>et</span> <span class='ocrx_word' id='word_1_253' title='bbox 1370 2222 1498 2255; x_wconf 88' lang='lat' dir='ltr'>mater</span> <span class='ocrx_word' id='word_1_254' title='bbox 1524 2217 1668 2268; x_wconf 89' lang='lat' dir='ltr'>Oedipi</span> <span class='ocrx_word' id='word_1_255' title='bbox 1696 2217 1847 2255; x_wconf 66' lang='lat' dir='ltr'>liberos</span> 
     </span>
     <span class='ocr_line' id='line_1_31' title="bbox 226 2282 1848 2334; baseline -0.001 -13"><span class='ocrx_word' id='word_1_256' title='bbox 226 2283 490 2334; x_wconf 58' lang='lat' dir='ltr'>peperissem,</span> <span class='ocrx_word' id='word_1_257' title='bbox 513 2296 753 2334; x_wconf 81' lang='lat' dir='ltr'>quanquam</span> <span class='ocrx_word' id='word_1_258' title='bbox 778 2284 818 2321; x_wconf 92' lang='lat' dir='ltr'>in</span> <span class='ocrx_word' id='word_1_259' title='bbox 847 2284 990 2322; x_wconf 88' lang='lat' dir='ltr'>eadem</span> <span class='ocrx_word' id='word_1_260' title='bbox 1021 2284 1319 2322; x_wconf 71' lang='lat' dir='ltr'>vocabulorum</span> <span class='ocrx_word' id='word_1_261' title='bbox 1347 2283 1639 2333; x_wconf 87' lang='lat' dir='ltr'>conjunctione</span> <span class='ocrx_word' id='word_1_262' title='bbox 1667 2282 1770 2320; x_wconf 90' lang='lat' dir='ltr'>nihil</span> <span class='ocrx_word' id='word_1_263' title='bbox 1791 2283 1848 2320; x_wconf 82' lang='lat' dir='ltr'>su-</span> 
     </span>
     <span class='ocr_line' id='line_1_32' title="bbox 227 2349 1216 2400; baseline -0.001 -13"><span class='ocrx_word' id='word_1_264' title='bbox 227 2349 330 2387; x_wconf 88' lang='lat' dir='ltr'>nesti</span> <span class='ocrx_word' id='word_1_265' title='bbox 357 2349 491 2387; x_wconf 86' lang='lat' dir='ltr'>inesse</span> <span class='ocrx_word' id='word_1_266' title='bbox 516 2349 773 2400; x_wconf 70' lang='lat' dir='ltr'>coryphaeus</span> <span class='ocrx_word' id='word_1_267' title='bbox 800 2350 887 2400; x_wconf 86' lang='lat' dir='ltr'>ipse</span> <span class='ocrx_word' id='word_1_268' title='bbox 915 2349 1216 2400; x_wconf 85' lang='lat' dir='ltr'>suspicabatur.</span> 
     </span>
    </p>

    <p class='ocr_par' dir='ltr' id='par_1_10' title="bbox 226 2413 1846 2594">
     <span class='ocr_line' id='line_1_33' title="bbox 279 2413 1846 2465; baseline -0.001 -13"><span class='ocrx_word' id='word_1_269' title='bbox 279 2413 428 2453; x_wconf 87' lang='lat' dir='ltr'>Contra</span> <span class='ocrx_word' id='word_1_270' title='bbox 449 2414 491 2452; x_wconf 95' lang='lat' dir='ltr'>in</span> <span class='ocrx_word' id='word_1_271' title='bbox 513 2414 723 2465; x_wconf 86' lang='lat' dir='ltr'>Euripidis</span> <span class='ocrx_word' id='word_1_272' title='bbox 744 2415 918 2454; x_wconf 76' lang='lat' dir='ltr'>Electra.</span> <span class='ocrx_word' id='word_1_273' title='bbox 944 2420 1165 2465; x_wconf 88' lang='lat' dir='ltr'>postquam</span> <span class='ocrx_word' id='word_1_274' title='bbox 1189 2414 1429 2452; x_wconf 87' lang='lat' dir='ltr'>nuntiatum</span> <span class='ocrx_word' id='word_1_275' title='bbox 1459 2419 1515 2452; x_wconf 83' lang='lat' dir='ltr'>est</span> <span class='ocrx_word' id='word_1_276' title='bbox 1539 2414 1784 2464; x_wconf 57' lang='lat' dir='ltr'>Aegisthum</span> <span class='ocrx_word' id='word_1_277' title='bbox 1805 2414 1846 2450; x_wconf 90' lang='lat' dir='ltr'>in</span> 
     </span>
     <span class='ocr_line' id='line_1_34' title="bbox 226 2479 1845 2530; baseline 0 -14"><span class='ocrx_word' id='word_1_278' title='bbox 226 2479 377 2518; x_wconf 89' lang='lat' dir='ltr'>rustica</span> <span class='ocrx_word' id='word_1_279' title='bbox 397 2479 599 2529; x_wconf 87' lang='lat' dir='ltr'>agricolae</span> <span class='ocrx_word' id='word_1_280' title='bbox 620 2479 746 2517; x_wconf 91' lang='lat' dir='ltr'>domo</span> <span class='ocrx_word' id='word_1_281' title='bbox 767 2480 929 2517; x_wconf 83' lang='lat' dir='ltr'>insidiis</span> <span class='ocrx_word' id='word_1_282' title='bbox 951 2480 1263 2529; x_wconf 85' lang='lat' dir='ltr'>interemptum.</span> <span class='ocrx_word' id='word_1_283' title='bbox 1283 2479 1411 2526; x_wconf 70' lang='lat' dir='ltr'>virgo.</span> <span class='ocrx_word' id='word_1_284' title='bbox 1432 2479 1659 2530; x_wconf 89' lang='lat' dir='ltr'>matrejam</span> <span class='ocrx_word' id='word_1_285' title='bbox 1686 2482 1845 2529; x_wconf 78' lang='lat' dir='ltr'>portani</span> 
     </span>
     <span class='ocr_line' id='line_1_35' title="bbox 228 2541 773 2594; baseline 0.002 -14"><span class='ocrx_word' id='word_1_286' title='bbox 228 2541 446 2585; x_wconf 85' lang='lat' dir='ltr'>subeunte,</span> <span class='ocrx_word' id='word_1_287' title='bbox 477 2543 534 2581; x_wconf 90' lang='lat' dir='ltr'>sic</span> <span class='ocrx_word' id='word_1_288' title='bbox 562 2543 773 2594; x_wconf 89' lang='lat' dir='ltr'>loquitur:</span> 
     </span>
    </p>
   </div>
   <div class='ocr_carea' id='block_1_6' title="bbox 561 2649 1508 2704">
    <p class='ocr_par' dir='ltr' id='par_1_11' title="bbox 561 2649 1508 2704">
     <span class='ocr_line' id='line_1_36' title="bbox 684 2649 1493 2663; baseline 0.001 -2"><span class='ocrx_word' id='word_1_289' title='bbox 684 2655 701 2661; x_wconf 66' lang='lat' dir='ltr'>a&gt;</span> <span class='ocrx_word' id='word_1_290' title='bbox 758 2653 765 2663; x_wconf 90' lang='grc' dir='ltr'><strong><em>Ι</em></strong></span> <span class='ocrx_word' id='word_1_291' title='bbox 805 2649 814 2661; x_wconf 53' lang='grc' dir='ltr'>ἲ</span> <span class='ocrx_word' id='word_1_292' title='bbox 865 2651 873 2661; x_wconf 61' lang='grc' dir='ltr'>ἱ</span> <span class='ocrx_word' id='word_1_293' title='bbox 950 2651 956 2660; x_wconf 63' lang='grc' dir='ltr'>ἱ</span> <span class='ocrx_word' id='word_1_294' title='bbox 1050 2654 1066 2661; x_wconf 43' lang='grc' dir='ltr'>ῃ·</span> <span class='ocrx_word' id='word_1_295' title='bbox 1110 2651 1119 2661; x_wconf 69' lang='grc' dir='ltr'><strong>Ί</strong></span> <span class='ocrx_word' id='word_1_296' title='bbox 1177 2654 1193 2661; x_wconf 62' lang='grc' dir='ltr'><strong><em>ω</em></strong></span> <span class='ocrx_word' id='word_1_297' title='bbox 1282 2651 1289 2662; x_wconf 72' lang='lat' dir='ltr'><em>V</em></span> <span class='ocrx_word' id='word_1_298' title='bbox 1374 2653 1380 2662; x_wconf 88' lang='grc'><strong><em>1</em></strong></span> <span class='ocrx_word' id='word_1_299' title='bbox 1480 2651 1493 2662; x_wconf 67' lang='grc' dir='ltr'>Γ)</span> 
     </span>
     <span class='ocr_line' id='line_1_37' title="bbox 561 2650 1508 2704; baseline -0.001 -14"><span class='ocrx_word' id='word_1_300' title='bbox 561 2653 697 2704; x_wconf 55' lang='lat' dir='ltr'>‹naz-252</span> <span class='ocrx_word' id='word_1_301' title='bbox 723 2666 793 2702; x_wconf 69' lang='grc' dir='ltr'>μεγ</span> <span class='ocrx_word' id='word_1_302' title='bbox 828 2664 834 2670; x_wconf 92' lang='grc'><em>·</em></span> <span class='ocrx_word' id='word_1_303' title='bbox 861 2666 897 2689; x_wconf 70' lang='grc' dir='ltr'>εἰ</span> <span class='ocrx_word' id='word_1_304' title='bbox 913 2665 986 2703; x_wconf 64' lang='lat'>7²?</span> <span class='ocrx_word' id='word_1_305' title='bbox 1007 2665 1086 2698; x_wconf 68' lang='grc' dir='ltr'>ἵεις</span> <span class='ocrx_word' id='word_1_306' title='bbox 1108 2665 1213 2700; x_wconf 71' lang='grc' dir='ltr'>εμεις</span> <span class='ocrx_word' id='word_1_307' title='bbox 1232 2665 1322 2690; x_wconf 67' lang='grc' dir='ltr'>νκιεῑ</span> <span class='ocrx_word' id='word_1_308' title='bbox 1344 2650 1508 2701; x_wconf 53' lang='grc' dir='ltr'>δεμεεςᾶ.</span> 
     </span>
    </p>
   </div>
   <div class='ocr_carea' id='block_1_7' title="bbox 223 2798 1848 3123">
    <p class='ocr_par' dir='ltr' id='par_1_12' title="bbox 227 2798 1844 2885">
     <span class='ocr_line' id='line_1_38' title="bbox 280 2798 1844 2840; baseline 0 -11"><span class='ocrx_word' id='word_1_309' title='bbox 280 2810 304 2829; x_wconf 88' lang='grc' dir='ltr'>ι.</span> <span class='ocrx_word' id='word_1_310' title='bbox 333 2798 410 2830; x_wconf 77' lang='lat' dir='ltr'>OEd.</span> <span class='ocrx_word' id='word_1_311' title='bbox 439 2801 487 2833; x_wconf 64' lang='lat' dir='ltr'>R„</span> <span class='ocrx_word' id='word_1_312' title='bbox 511 2799 636 2840; x_wconf 70' lang='lat'>9:28.—</span> <span class='ocrx_word' id='word_1_313' title='bbox 653 2801 701 2830; x_wconf 69' lang='lat' dir='ltr'>(js.</span> <span class='ocrx_word' id='word_1_314' title='bbox 728 2799 855 2829; x_wconf 52' lang='grc' dir='ltr'>,λι-ηοω</span> <span class='ocrx_word' id='word_1_315' title='bbox 890 2800 976 2834; x_wconf 64' lang='lat' dir='ltr'>ttug.</span> <span class='ocrx_word' id='word_1_316' title='bbox 1009 2798 1074 2828; x_wconf 77' lang='lat' dir='ltr'>Der</span> <span class='ocrx_word' id='word_1_317' title='bbox 1098 2799 1285 2838; x_wconf 76' lang='lat' dir='ltr'>Doppelsinn</span> <span class='ocrx_word' id='word_1_318' title='bbox 1313 2798 1343 2828; x_wconf 84' lang='lat' dir='ltr'>in</span> <span class='ocrx_word' id='word_1_319' title='bbox 1369 2798 1542 2838; x_wconf 55' lang='lat' dir='ltr'>sophat-les</span> <span class='ocrx_word' id='word_1_320' title='bbox 1572 2799 1706 2838; x_wconf 72' lang='lat' dir='ltr'>UEdeus</span> <span class='ocrx_word' id='word_1_321' title='bbox 1734 2800 1844 2837; x_wconf 52' lang='lat' dir='ltr'>Atinia.</span> 
     </span>
     <span class='ocr_line' id='line_1_39' title="bbox 227 2845 754 2885; baseline 0.004 -10"><span class='ocrx_word' id='word_1_322' title='bbox 227 2846 438 2884; x_wconf 74' lang='lat' dir='ltr'>Phiiotogus,</span> <span class='ocrx_word' id='word_1_323' title='bbox 458 2846 575 2883; x_wconf 65' lang='lat' dir='ltr'>xxm,</span> <span class='ocrx_word' id='word_1_324' title='bbox 594 2856 628 2885; x_wconf 90' lang='lat' dir='ltr'>p.</span> <span class='ocrx_word' id='word_1_325' title='bbox 645 2845 754 2881; x_wconf 71' lang='lat' dir='ltr'>titi-84.</span> 
     </span>
    </p>

    <p class='ocr_par' dir='ltr' id='par_1_13' title="bbox 223 2893 1848 3073">
     <span class='ocr_line' id='line_1_40' title="bbox 275 2893 1844 2933; baseline 0.001 -10"><span class='ocrx_word' id='word_1_326' title='bbox 275 2903 304 2924; x_wconf 79' lang='lat'>2.</span> <span class='ocrx_word' id='word_1_327' title='bbox 330 2893 400 2924; x_wconf 81' lang='lat' dir='ltr'>Hoc</span> <span class='ocrx_word' id='word_1_328' title='bbox 423 2894 513 2924; x_wconf 88' lang='lat' dir='ltr'>idem</span> <span class='ocrx_word' id='word_1_329' title='bbox 536 2894 640 2924; x_wconf 87' lang='lat' dir='ltr'>sensit</span> <span class='ocrx_word' id='word_1_330' title='bbox 663 2894 844 2927; x_wconf 70' lang='lat' dir='ltr'>Nauckins.</span> <span class='ocrx_word' id='word_1_331' title='bbox 870 2894 929 2931; x_wconf 81' lang='lat' dir='ltr'>qni</span> <span class='ocrx_word' id='word_1_332' title='bbox 956 2894 1070 2924; x_wconf 74' lang='lat' dir='ltr'>locuni</span> <span class='ocrx_word' id='word_1_333' title='bbox 1095 2895 1127 2924; x_wconf 90' lang='lat' dir='ltr'>in</span> <span class='ocrx_word' id='word_1_334' title='bbox 1152 2895 1301 2924; x_wconf 52' lang='lat' dir='ltr'>aditione</span> <span class='ocrx_word' id='word_1_335' title='bbox 1325 2903 1385 2924; x_wconf 78' lang='lat' dir='ltr'>sua</span> <span class='ocrx_word' id='word_1_336' title='bbox 1408 2895 1451 2924; x_wconf 85' lang='lat' dir='ltr'>ita</span> <span class='ocrx_word' id='word_1_337' title='bbox 1471 2895 1567 2924; x_wconf 68' lang='lat' dir='ltr'>vertit</span> <span class='ocrx_word' id='word_1_338' title='bbox 1584 2896 1615 2924; x_wconf 87' lang='lat' dir='ltr'>et</span> <span class='ocrx_word' id='word_1_339' title='bbox 1631 2895 1819 2933; x_wconf 65' lang='lat' dir='ltr'>explanavit</span> <span class='ocrx_word' id='word_1_340' title='bbox 1839 2905 1844 2924; x_wconf 76' lang='grc' dir='ltr'><em>τ</em></span> 
     </span>
     <span class='ocr_line' id='line_1_41' title="bbox 223 2939 1848 2972; baseline 0.002 -4"><span class='ocrx_word' id='word_1_341' title='bbox 223 2952 238 2968; x_wconf 78' lang='grc' dir='ltr'>«ι</span> <span class='ocrx_word' id='word_1_342' title='bbox 258 2940 334 2970; x_wconf 86' lang='lat' dir='ltr'>Dies</span> <span class='ocrx_word' id='word_1_343' title='bbox 351 2939 452 2972; x_wconf 84' lang='lat' dir='ltr'>Weib</span> <span class='ocrx_word' id='word_1_344' title='bbox 469 2941 511 2970; x_wconf 87' lang='lat' dir='ltr'>ist</span> <span class='ocrx_word' id='word_1_345' title='bbox 528 2941 583 2970; x_wconf 83' lang='lat' dir='ltr'>dio</span> <span class='ocrx_word' id='word_1_346' title='bbox 601 2941 724 2971; x_wconf 79' lang='lat' dir='ltr'>Mutter</span> <span class='ocrx_word' id='word_1_347' title='bbox 740 2941 850 2971; x_wconf 85' lang='lat' dir='ltr'>seiner</span> <span class='ocrx_word' id='word_1_348' title='bbox 868 2942 1007 2971; x_wconf 72' lang='lat' dir='ltr'>lxinder.</span> <span class='ocrx_word' id='word_1_349' title='bbox 1023 2953 1037 2969; x_wconf 73' lang='grc' dir='ltr'>»ι</span> <span class='ocrx_word' id='word_1_350' title='bbox 1056 2942 1189 2971; x_wconf 76' lang='lat' dir='ltr'>Sowolil</span> <span class='ocrx_word' id='word_1_351' title='bbox 1208 2942 1267 2971; x_wconf 87' lang='lat' dir='ltr'>der</span> <span class='ocrx_word' id='word_1_352' title='bbox 1284 2942 1568 2971; x_wconf 82' lang='lat' dir='ltr'>umsehreibende</span> <span class='ocrx_word' id='word_1_353' title='bbox 1592 2942 1770 2971; x_wconf 68' lang='lat' dir='ltr'>,xnsdruck</span> <span class='ocrx_word' id='word_1_354' title='bbox 1794 2943 1848 2971; x_wconf 75' lang='lat' dir='ltr'>t&#39;tir</span> 
     </span>
     <span class='ocr_line' id='line_1_42' title="bbox 223 2988 1848 3026; baseline 0.001 -9"><span class='ocrx_word' id='word_1_355' title='bbox 223 2988 336 3018; x_wconf 84' lang='lat' dir='ltr'>Gattin</span> <span class='ocrx_word' id='word_1_356' title='bbox 350 2988 399 3017; x_wconf 81' lang='lat' dir='ltr'>als</span> <span class='ocrx_word' id='word_1_357' title='bbox 411 2989 467 3017; x_wconf 82' lang='lat' dir='ltr'>die</span> <span class='ocrx_word' id='word_1_358' title='bbox 481 2988 732 3024; x_wconf 62' lang='lat' dir='ltr'>Wortstollung</span> <span class='ocrx_word' id='word_1_359' title='bbox 751 2989 896 3018; x_wconf 80' lang='lat' dir='ltr'>inahnen</span> <span class='ocrx_word' id='word_1_360' title='bbox 915 2989 979 3018; x_wconf 87' lang='lat' dir='ltr'>den</span> <span class='ocrx_word' id='word_1_361' title='bbox 998 2990 1177 3025; x_wconf 69' lang='lat' dir='ltr'>Knndigen</span> <span class='ocrx_word' id='word_1_362' title='bbox 1193 2998 1234 3017; x_wconf 85' lang='lat' dir='ltr'>an</span> <span class='ocrx_word' id='word_1_363' title='bbox 1249 2989 1303 3018; x_wconf 87' lang='lat' dir='ltr'>die</span> <span class='ocrx_word' id='word_1_364' title='bbox 1318 2990 1403 3019; x_wconf 76' lang='lat' dir='ltr'>noeti</span> <span class='ocrx_word' id='word_1_365' title='bbox 1420 2989 1637 3018; x_wconf 81' lang='lat' dir='ltr'>unenttn&#39;illte</span> <span class='ocrx_word' id='word_1_366' title='bbox 1654 2990 1848 3026; x_wconf 72' lang='lat' dir='ltr'>Beziehung</span> 
     </span>
     <span class='ocr_line' id='line_1_43' title="bbox 223 3034 656 3073; baseline 0.002 -9"><span class='ocrx_word' id='word_1_367' title='bbox 223 3035 281 3065; x_wconf 86' lang='lat' dir='ltr'>des</span> <span class='ocrx_word' id='word_1_368' title='bbox 297 3034 442 3073; x_wconf 88' lang='lat' dir='ltr'>Oidipus</span> <span class='ocrx_word' id='word_1_369' title='bbox 459 3044 497 3065; x_wconf 85' lang='lat' dir='ltr'>zu</span> <span class='ocrx_word' id='word_1_370' title='bbox 517 3035 656 3065; x_wconf 81' lang='lat' dir='ltr'>lokaste.</span> 
     </span>
    </p>

    <p class='ocr_par' dir='ltr' id='par_1_14' title="bbox 277 3081 999 3123">
     <span class='ocr_line' id='line_1_44' title="bbox 277 3081 999 3123; baseline 0.001 -11"><span class='ocrx_word' id='word_1_371' title='bbox 277 3082 306 3112; x_wconf 81' lang='lat'>3.</span> <span class='ocrx_word' id='word_1_372' title='bbox 333 3081 462 3121; x_wconf 85' lang='lat' dir='ltr'>Eurip..</span> <span class='ocrx_word' id='word_1_373' title='bbox 483 3082 594 3118; x_wconf 77' lang='lat' dir='ltr'>Elect.,</span> <span class='ocrx_word' id='word_1_374' title='bbox 618 3092 705 3114; x_wconf 69' lang='lat'>1120.</span> <span class='ocrx_word' id='word_1_375' title='bbox 724 3084 773 3113; x_wconf 64' lang='grc' dir='ltr'>(ΣΥ.</span> <span class='ocrx_word' id='word_1_376' title='bbox 793 3081 880 3122; x_wconf 76' lang='lat' dir='ltr'>infra</span> <span class='ocrx_word' id='word_1_377' title='bbox 898 3093 929 3122; x_wconf 88' lang='lat' dir='ltr'>p.</span> <span class='ocrx_word' id='word_1_378' title='bbox 951 3084 999 3123; x_wconf 59' lang='lat'>35..</span> 
     </span>
    </p>
   </div>
  </div>
 </body>
</html>
