2394 3660
547 221 596 263 5-Ῐό
875 232 925 257 DE
955 229 1129 256 TRAGICA
1156 227 1429 254 AMBIGUITATE
1459 225 1565 252 APUD
1593 224 1828 252 EURIPIDEM.

600 322 714 361 Stant
730 321 855 370 igitur
874 318 918 356 in
937 316 1153 368 proscenio
1173 315 1396 357 Menelaus,
1426 314 1684 363 Agamemno
1710 316 1749 350 et
1773 311 1962 350 nuntius.
1992 311 2156 349 Primus

548 387 766 426 minimam
787 385 829 422 in
851 396 892 422 se
911 382 1177 421 attentionem
1194 380 1406 423 convertit,
1426 379 1652 417 maximam
1667 380 1806 415 autem
1823 375 1958 415 ceteri.
1977 374 2157 414 Nuntius

549 464 656 495 vero,
678 451 750 501 qui
771 449 913 492 nescit,
936 447 1038 498 quid
1058 458 1127 484 rex
1145 457 1237 484 vere
1258 445 1418 488 sentiat,
1440 455 1538 482 eum
1558 442 1779 481 arbitratur
1798 441 1927 479 filiam
1947 439 2155 484 accivisse,

549 528 653 567 quae
674 514 820 553 Achilli
842 513 1027 551 nuberet.
1051 510 1217 550 Curavit
1236 510 1348 548 enim
1369 507 1586 559 Euripides
1606 511 1652 545 ut
1676 509 1861 544 moneret
1888 517 1935 543 ex
1961 503 2158 542 omnibus

550 580 710 619 Graecis
729 578 1008 620 Calchantem,
1031 575 1193 615 Ulixem
1222 580 1260 613 et
1288 575 1521 613 Menelaum
1551 573 1687 610 solum
1708 570 1895 610 conscios
1921 581 2022 612 esse,
2044 569 2159 607 hunc

550 647 824 696 hymenaeum
851 643 996 681 salsam
1022 653 1109 680 esse
1136 641 1328 691 speciem.

602 710 645 748 ln
668 721 715 747 eo
739 709 828 746 loco
853 707 1039 758 exempla
1062 706 1234 756 proferri
1262 709 1444 756 possent.
1468 703 1622 755 quibus
1651 706 1786 753 aperte
1814 701 2040 744 doceretur,
2063 711 2162 750 quo-

552 774 675 813 modo
702 773 806 810 inter
837 783 877 809 se
901 771 1092 809 differant
1120 769 1250 808 ironia
1281 769 1433 818 tragica
1463 773 1501 806 et
1533 766 1799 816 ambiguitas
1836 765 2015 804 Ironiam
2048 763 2159 802 enim

546 840 640 890 jure
660 838 771 876 dicas
791 848 878 874 esse
899 835 1142 877 adhibitam,
1166 834 1357 885 quotiens
1378 844 1550 883 persona
1569 831 1773 883 quaelibet
1789 830 1928 868 omnia
1942 833 2096 873 contra,
2115 840 2165 867 ac

552 904 663 947 dicit,
694 902 857 944 diceret,
886 900 1010 938 modo
1040 899 1073 937 si
1101 899 1381 950 introspiceret
1412 897 1640 936 reconditos
1669 896 1757 945 ejus
1787 907 1947 937 sensus,
1977 905 2161 944 quocum

552 980 638 1007 rem
665 967 762 1017 agit.
2018 962 2021 964 '

606 1032 703 1070 lnde
724 1042 820 1069 cum
842 1029 1014 1067 nuntius
1035 1028 1091 1066 ait
1110 1041 1118 1065 :
1144 1043 1163 1064 «
1182 1028 1343 1073 Filiam,
1365 1039 1389 1065 0
1410 1039 1492 1070 rex,
1513 1027 1586 1064 tibi
1609 1026 1770 1064 adduco
1790 1039 1797 1063 :
1820 1026 1982 1068 laetare,
2004 1038 2022 1059 n
2049 1035 2163 1062 cons-

555 1102 610 1135 tat
629 1096 780 1134 ironice
801 1094 882 1132 dici
902 1107 910 1131 :
941 1096 1035 1133 ὥστε
1059 1094 1251 1145 τερφθείης
1273 1090 1357 1131 ἰδών
1378 1093 1404 1129 ¹.
1430 1091 1518 1129 Non
1545 1091 1656 1129 enim
1682 1090 1900 1141 gaudium,
1927 1090 1997 1128 sed
2023 1092 2163 1127 contra

554 1162 734 1200 dolorem
755 1159 986 1198 maximum
1011 1162 1125 1208 pater
1152 1158 1193 1194 in
1223 1157 1364 1195 animo
1390 1156 1584 1206 concipit.
1616 1156 1686 1193 Ille
1714 1156 1840 1204 igitur
1865 1159 1989 1198 errat;
2014 1158 2165 1204 specta-

557 1226 713 1265 toribus
740 1236 835 1262 vero
861 1223 965 1262 nihil
992 1227 1075 1261 erat
1107 1222 1241 1267 dubii,
1272 1221 1375 1271 quin
1404 1232 1527 1270 prave
1551 1220 1770 1270 judicaret,
1801 1232 1896 1258 cum
1927 1219 2015 1269 ejus
2045 1218 2164 1256 dictis

556 1302 683 1329 unam
700 1288 1059 1340 significationem,
1077 1287 1202 1325 rebus
1222 1286 1322 1336 ipsis
1343 1285 1521 1323 maxime
1541 1285 1802 1329 contrariam,
1826 1284 1975 1334 subjici
1995 1288 2160 1334 pateret.

608 1356 756 1394 Contra
783 1366 925 1392 versus
954 1352 1053 1393 424:

928 1448 1028 1499 Ἐγὼ
1050 1447 1089 1486 δὲ
1109 1446 1316 1499 πρόὲρεμες
1338 1446 1405 1493 σῆς
1425 1447 1661 1498 πκρασκευῆς
1680 1446 1788 1497 χάριν

929 1513 1026 1562 ἥκω.

555 1622 779 1672 ambiguus
799 1624 871 1659 est.
895 1619 999 1657 Nam
1017 1630 1114 1656 cum
1135 1618 1189 1655 ait
1213 1629 1254 1655 se
1281 1616 1571 1668 praecurrisse,
1600 1620 1646 1654 ut
1671 1616 1973 1666 Agamemnoni
2004 1619 2167 1666 tempus

554 1691 658 1726 esset
675 1686 905 1737 hospitium
923 1683 1110 1736 parandi,
1133 1694 1217 1734 quo
1237 1687 1367 1720 mater
1387 1686 1424 1719 et
1450 1681 1534 1719 filia
1560 1681 1710 1731 dignae
1739 1686 1886 1725 essent,
1921 1685 2167 1731 spectatores

557 1756 696 1791 contra
716 1750 948 1800 intellegere
969 1753 1168 1800 poterant,
1183 1759 1279 1786 eum
1295 1747 1542 1785 celeritatem
1565 1746 1818 1789 adhibuisse,
1838 1750 1881 1784 ut
1901 1750 2015 1797 pater
2029 1746 2169 1784 omnia

557 1828 663 1868 quae
690 1815 887 1854 sacrificio
915 1813 1142 1852 necessaria
1169 1817 1318 1856 essent,
1342 1815 1611 1862 compararet.

611 1880 734 1920 Addit
753 1881 877 1924 idem,
901 1879 1013 1930 quod
1034 1877 1375 1916 molestissimum
1396 1876 1481 1926 regi
1497 1881 1595 1920 erat,
1614 1876 1796 1914 militum
1813 1876 1978 1914 turham
1995 1876 2171 1914 circum-

560 1944 694 1982 fusam
731 1941 915 1981 contueri
957 1941 1175 1990 virginem,
1216 1939 1345 1977 alium
1384 1950 1429 1976 ex
1468 1938 1548 1976 alio
1580 1950 1748 1977 causam
1781 1938 1980 1977 adventus
2012 1950 2166 1988 rogare.

561 2008 755 2048 Dictitant
780 2008 891 2046 enim
919 2007 1024 2044 inter
1050 2017 1118 2043 se:

1187 2091 1382 2142 Ὑμέναιός
1404 2107 1459 2140 τις
1478 2093 1501 2140 ἢ
1523 2092 1555 2133 τί
1575 2095 1798 2146 :pinetam

931 2161 955 2208 ἢ
975 2162 1084 2200 πόθεν
1108 2159 1203 2210 ἔχων
1225 2158 1407 2211 θυγατρὲς
1434 2155 1682 2210 Ἀγαμέμνων
1707 2156 1798 2206 ἄναξ

937 2225 1086 2275 ἐκέμισε
1104 2223 1243 2262 ’πελιῖέαι2
1261 2235 1270 2267 ;

617 2339 692 2377 Pro
712 2339 929 2377 manifesto
947 2337 1152 2375 habemus
1172 2347 1193 2374 e
1218 2335 1420 2374 vocabulo
1446 2337 1618 2386 ὑμέναιες
1647 2336 1743 2375 satis
1772 2341 1907 2387 aperte
1934 2347 2172 2387 expressum

565 2404 665 2456 quid
686 2404 763 2442 sibi
785 2403 931 2441 vellent
950 2401 1104 2440 Graeci.
1125 2400 1256 2438 Verba
1276 2411 1371 2438 vero
1391 2402 1424 2440 τί
1445 2403 1643 2454 πράσσεται
1665 2406 1782 2452 poeta
1802 2401 1914 2440 haud
1935 2401 2175 2451 impruden-

565 2474 623 2507 ter
655 2468 806 2519 posuit,
844 2473 889 2506 ut
923 2479 969 2506 ex
998 2467 1153 2504 incerto
1183 2476 1327 2503 eorum
1357 2477 1480 2504 sensu
1510 2479 1577 2505 rex
1611 2467 1697 2518 ipsc
1734 2468 1873 2505 animo
1911 2472 2170 2516 angeretur&

617 2533 813 2573 Versibus
834 2546 927 2572 vero
947 2531 1094 2579 43334
1113 2544 1121 2569 :

1017 2627 1199 2682 Ἀρτέμιδι
1219 2631 1470 2683 προτελίζουσι
1491 2628 1556 2677 τὴν
1579 2627 1727 2666 νεάνιδα

1005 2694 1162 2743 Αὐλίδος
1184 2695 1340 2748 ἀνάσσῃ,

565 2819 685 2846 curae
709 2807 886 2857 pretium
913 2811 971 2844 est
997 2807 1191 2845 attentius
1221 2812 1401 2845 mentem
1429 2807 1661 2857 applicare;
1696 2805 1905 2843 nescimus
1933 2804 2045 2843 enim
2071 2816 2174 2844 num

624 2942 648 2961 ι.
675 2930 776 2969 ΙρΙιὶῃ.
795 2930 824 2959 in
843 2930 928 2967 Aut,
948 2930 1018 2966 418.

619 2988 647 3009 εν.
672 2977 803 3013 Ibidem,
821 2978 925 3013 430-2.

619 3025 648 3054 3.
674 3025 720 3055 De
743 3026 804 3056 hoc
826 3026 918 3062 quod
942 3026 1118 3064 sequitur:
1143 3036 1157 3052 «
1174 3025 1259 3055 Num
1283 3026 1450 3055 desiderio
1476 3025 1566 3055 filiae
1590 3026 1728 3055 affectus
1755 3032 1810 3054 rex
1834 3025 2046 3061 Agamemno
2068 3022 2174 3052 filiam

565 3073 746 3106 arcessivit,
763 3084 777 3100 υ
796 3072 884 3101 idem
899 3073 975 3110 jure
991 3073 1128 3107 dixeris,
1147 3082 1224 3102 cum
1244 3081 1311 3101 non
1329 3073 1550 3110 praefiniatur
1572 3074 1710 3111 propter
1731 3080 1836 3110 quam
1859 3079 1994 3102 causam
2018 3071 2046 3101 is
2062 3069 2174 3104 παιδὸς

567 3118 662 3153 πόθον
680 3119 784 3162 ἔσχεν.
