2394 3660
697 147 826 175 eunr
854 147 950 174 xvu.
974 157 1024 163 —
1052 147 1103 173 DE
1132 147 1314 175 moeurs.
1764 137 1812 176 63

250 239 371 278 Unus
396 243 532 277 tamen
560 237 766 276 notandus
795 241 855 275 est
883 248 1035 275 versus.
1067 237 1168 275 Nam
1199 249 1297 276 cum
1323 236 1645 287 Clytaemnestra
1673 242 1813 275 monet

198 315 240 342 se
259 307 299 342 et
318 303 436 346 filias,
461 302 679 353 Jphigenia
704 306 895 344 mactata,
925 301 1295 350 Agamemnonem,
1325 306 1372 340 ut
1396 301 1550 344 deceat.
1579 300 1694 339 domi
1724 313 1812 339 esse

196 373 443 419 recepturas,
472 367 530 406 sic
554 367 763 418 eloquitur
784 379 792 403 :

648 461 739 500 ...E'
753 461 830 511 ἐγὼ
850 460 912 500 καὶ
932 460 1063 508 παῖδες
1085 461 1120 500 αἱ
1140 462 1387 512 λελειμμέναι

589 524 769 575 δεξόμεθα
787 524 882 573 δέξιν
904 526 948 574 ἦν
972 540 1011 564 σε
1031 524 1201 573 δέξασθαι
1221 525 1342 578 χρεών
1362 532 1388 561 ¹.

246 639 428 678 Eandem
468 638 711 677 sententiam
754 638 926 677 consilio
968 637 1184 688 Euripides
1222 639 1421 690 repetivit,
1470 644 1514 677 ut
1560 644 1807 690 spectatores

192 703 502 745 recordarentur
519 715 646 754 quam
666 714 842 754 poenam
864 703 1038 746 sceleris,
1061 704 1252 754 quamvis
1273 716 1295 742 a
1312 704 1390 742 diis
1402 705 1525 754 jussi,
1545 717 1614 743 rex
1629 705 1806 743 daturus

191 773 308 807 esset.
332 769 424 818 Quo
443 780 537 807 vero
556 772 675 819 pacto
696 767 748 806 ab
769 779 908 811 uxore,
930 767 1116 807 consecto
1141 768 1262 811 bello,
1286 773 1479 819 exceptus
1507 770 1572 811 sit.
1606 769 1808 808 docemur

191 833 244 873 ab
269 833 469 884 Aeschylo
494 833 536 872 in
563 834 880 883 Aqamemnone.

493 1204 715 1255 CAPUT
760 1204 1017 1254 xV11.-
1052 1204 1136 1254 DE
1181 1204 1495 1254 BACCHIS.

241 1501 347 1540 Cum
394 1500 612 1551 Euripides
664 1512 823 1540 annum
877 1512 1002 1550 agens
1052 1501 1406 1551 septuagesimum
1451 1501 1647 1551 quintum
1691 1501 1802 1553 apud

185 1567 447 1610 Archelaum,
488 1565 761 1605 Macedonum
797 1578 949 1616 regem,
981 1565 1092 1604 diem
1131 1578 1376 1618 supremum
1415 1567 1595 1609 obiisset,
1632 1567 1805 1605 Athenis

185 1632 308 1684 paulo
336 1636 429 1683 post
457 1631 657 1676 Bacchae,
686 1636 732 1669 ut
753 1632 841 1682 jam
863 1631 1060 1673 diximus,
1084 1644 1182 1671 cum
1203 1632 1407 1683 Iphiqenia
1428 1631 1467 1670 in
1494 1633 1651 1677 Aulide,
1675 1645 1697 1671 a
1720 1633 1805 1671 filio

184 1698 327 1737 doctae
347 1702 458 1736 sunt.
492 1697 555 1736 Sic
581 1697 783 1748 quicquid
809 1697 966 1747 ingenii
993 1697 1228 1748 laborisque
1248 1698 1290 1735 in
1311 1698 1453 1735 multis
1474 1702 1511 1735 et
1532 1698 1653 1736 variis
1676 1698 1803 1736 totius

185 1764 289 1802 vitae
315 1763 510 1814 operibus
536 1762 742 1803 hauserat.
773 1762 993 1812 tragoediis
1020 1763 1224 1802 ambabus
1253 1763 1559 1807 diversissimis,
1590 1768 1628 1801 et
1655 1763 1802 1802 iisdem

183 1828 548 1880 praestantissimis
574 1827 818 1866 cumulavit.
1586 1864 1590 1869 ,

234 1893 491 1933 Baccharum
513 1893 740 1935 materiem,
764 1905 846 1943 qua
867 1893 983 1943 prius
1005 1894 1046 1931 in
1070 1894 1244 1932 Pentheo
1270 1894 1496 1944 Aeschylus
1524 1907 1625 1933 usus
1655 1899 1753 1935 erat.
1784 1907 1806 1933 e

181 1958 332 1998 fabulis
365 1958 573 2008 Dionysiis
611 1958 837 1996 identidem
877 1959 1068 2008 sumpsit.
1108 1959 1413 1998 Demonstraxit
1446 1960 1557 1997 enim
1593 1959 1804 2010 quomodo

180 2023 474 2062 Thebanorum
520 2035 589 2061 rex
630 2023 762 2061 cultui
806 2023 955 2061 Bacchi
1001 2024 1255 2062 instituendo
1301 2025 1518 2068 obstiterit,
1567 2036 1803 2075 poenasque

180 2088 337 2128 dederit
356 2088 634 2139 gravissimas.
658 2088 820 2126 Etenim
851 2088 893 2126 in
920 2089 1092 2140 prologo
1121 2090 1283 2128 nuntiat
1303 2090 1392 2141 ipse
1413 2090 1621 2139 Dionysus
1641 2089 1742 2140 quid
1760 2090 1802 2128 in

180 2153 319 2193 fabula
355 2153 406 2191 sit
438 2157 700 2197 eventurum,
742 2157 966 2203 monetque
1006 2166 1046 2192 se
1087 2154 1257 2193 Bacchis
1297 2155 1586 2205 praefuturum
1626 2166 1727 2198 esse,
1770 2154 1803 2192 si

180 2219 365 2258 Thebani
384 2231 452 2257 eas
472 2231 493 2257 e
513 2218 755 2257 Cithaerone
775 2219 814 2257 vi
834 2219 1035 2269 depellere
1056 2220 1271 2259 voluerint.
1296 2221 1416 2269 Quod
1444 2220 1666 2259 consilium
1694 2219 1804 2271 capit

181 2284 233 2324 ad
266 2284 433 2323 initium
465 2284 591 2335 primi
626 2284 826 2324 ἐπειςεὲίευ
861 2284 1082 2328 Pentheus,
1123 2298 1247 2336 quem
1289 2285 1463 2325 Tiresias
1498 2290 1537 2324 et
1571 2284 1753 2324 Cadmus
1779 2298 1802 2324 a

180 2350 390 2401 proposito
416 2350 566 2388 frustra
593 2349 810 2388 deterrent.

232 2414 348 2453 Illius
368 2419 506 2453 autem
529 2415 570 2452 in
592 2414 841 2453 absolvenda
860 2415 1044 2454 oratione
1061 2416 1312 2454 dissentiunt
1327 2416 1586 2456 recentiores.
1606 2416 1671 2455 Sic
1688 2417 1800 2455 enim

178 2480 317 2519 locum
344 2480 507 2531 scripsit
535 2479 812 2523 Wecklenius‚
843 2480 1113 2519 Wieselerum
1143 2486 1339 2520 secutus:

562 2583 691 2621 Μαίνει
710 2583 783 2634 γὰρ
805 2583 856 2630 ὡς
876 2583 1052 2634 dcl-(2:52,
1076 2582 1183 2622 κεῦτε
1205 2584 1413 2637 capasiae-3

563 2647 634 2696 ἄκη
657 2647 792 2697 λάβοις
812 2647 870 2696 οἶν,
894 2647 1056 2687 εὖτ’ἆίνευ
1077 2650 1214 2688 ’.εὑ-,ων
1239 2649 1310 2687 ἔπε’.
1327 2653 1356 2685 ²³.

235 2759 354 2798 Vates
387 2771 497 2810 ergo,
533 2764 698 2799 auctore
731 2761 970 2811 germanico
1003 2761 1157 2804 critico,
1195 2773 1292 2799 cum
1327 2761 1464 2799 desint
1497 2760 1799 2799 medicamenta

181 2825 287 2874 regis
307 2824 550 2869 dementiae,
575 2824 656 2863 sint
676 2830 817 2865 contra
837 2826 941 2865 vitae
962 2827 1087 2864 finem
1110 2826 1370 2878 impositura,
1399 2838 1526 2877 quam
1557 2825 1801 2876 gravissime

179 2902 276 2929 eum
298 2890 477 2929 insanire
501 2889 736 2930 arbitratur.
761 2891 806 2930 ln
834 2892 950 2931 libris
978 2897 1116 2931 tamen
1141 2904 1216 2943 pro
1243 2893 1315 2932 ἔσει
1345 2892 1498 2942 legitur
1526 2895 1663 2940 νοσεῖς,
1686 2890 1799 2942 quod

240 3011 266 3031 1.
292 3000 396 3041 Iphiq.
415 3002 447 3032 in
461 3002 550 3040 Aul„
570 3001 689 3033 ¹181-2.

291 3047 417 3083 Bacch„
436 3049 506 3084 326,
525 3059 553 3089 7.

2375 393 2381 407 α
2377 345 2381 351 ν
2376 223 2390 319 «ρ’-ιν
2375 87 2394 196 ’στ’ζγ
2374 0 2394 70 '‘¹5—
