2394 3660
604 196 654 236 50
933 210 982 235 DE
1012 208 1184 240 TRAGICA
1212 207 1485 234 AMBIGUITATE
1513 207 1622 239 APL'D
1651 207 1885 233 EURIPIDEM.

658 296 701 334 In
723 297 787 334 his
808 300 945 333 autem
967 295 1269 344 tragoediarum
1290 294 1475 345 partibus
1496 293 1583 343 jam
1609 294 1792 331 diximus
1819 293 2059 344 Euripidem
2085 295 2211 334 ambi-

602 361 800 411 guitatem
823 361 1054 411 frequenter
1075 359 1327 398 adhibuisse.
1348 359 1450 397 Nam
1472 358 1731 409 Iphigeniam
1748 369 1886 408 regem
1906 359 2035 397 celare
2054 364 2211 410 oportet

602 438 657 471 se,
676 426 840 464 fratrem
861 429 898 462 et
918 425 1100 463 amicum
1116 437 1137 461 e
1157 436 1283 473 regno
1298 424 1388 474 ejus
1408 422 1575 461 evadere
1596 423 1709 461 velle.
1734 422 1773 461 Si
1794 422 1964 473 quidem
1984 423 2027 461 in
2046 423 2209 474 incepto

600 489 849 540 perficiendo
864 489 942 527 hoc
957 493 1118 527 tantum
1135 488 1247 538 quod
1263 487 1482 526 verisimile
1502 492 1561 525 est
1577 492 1692 538 poeta
1704 487 1979 537 expressisset,
1998 500 2207 539 nusquam

598 554 640 591 in
661 554 793 591 verbis
813 553 973 603 puellae
994 552 1214 595 invenires,
1237 552 1349 603 quod
1369 552 1586 590 artificiose
1606 556 1711 589 esset
1730 551 1903 589 dictum.
1928 551 2048 590 Dedit
2069 556 2207 590 autem

597 630 763 669 operam
783 622 932 662 noster,
947 629 1030 667 quo
1051 617 1183 666 magis
1201 617 1345 655 theatri
1367 616 1711 666 exspectationem
1732 616 1774 654 in
1793 616 1903 654 exitu
1924 628 2062 654 rerum
2084 616 2208 655 sceni-

596 695 738 720 carum
759 687 953 720 attentam
970 686 1204 732 occuparet,
1223 687 1268 719 ut
1288 682 1436 732 partim
1454 681 1680 719 mendaciis
1698 681 1907 719 veritatem
1923 681 2037 731 virgo
2053 681 2211 720 adulte-

596 752 714 790 raret,
749 747 897 796 partim
931 751 1085 789 contra,
1120 746 1368 795 ambagibus
1403 758 1491 789 usa,
1520 745 1694 784 eandem
1719 745 1939 794 obtegeret,
1969 757 2097 796 quam
2123 758 2204 785 rex.

594 811 717 849 modo
738 811 769 847 si
791 811 930 848 animo
949 811 1223 861 perspicacior
1241 815 1359 853 esset,
1381 810 1494 848 haud
1515 823 1633 860 aegre
1653 814 1951 860 assequeretur.
1976 809 2029 848 Ut
2048 822 2142 849 vero
2162 811 2204 848 in

592 877 755 919 Helena,
779 876 808 913 T
813 876 1114 925 heoclymenos.
1141 876 1431 926 Aegyptiorum
1454 888 1535 919 rex,
1562 875 1617 914 ita
1638 888 1705 913 rex
1722 876 1966 920 Taurorum,
1989 875 2138 920 Thoas,
2161 875 2203 914 in

591 940 807 992 lphiqenia,
840 940 995 989 ingenii
1021 940 1191 978 dotibus
1218 940 1391 977 minime
1416 940 1728 990 exsplendescit.
1752 939 1873 988 Quod
1902 939 2073 989 quidem
2102 951 2200 978 cum

591 1017 701 1042 more
722 1004 929 1054 scriptoris
945 1004 1151 1054 congruit,
1171 1004 1257 1054 qui,
1277 1004 1467 1054 quotiens
1490 1004 1714 1042 barbarum
1734 1004 1967 1055 principem
1988 1003 2031 1041 in
2047 1004 2202 1044 fabula-

589 1081 682 1107 rum
699 1069 885 1119 personis
905 1068 1147 1112 immiscuit,
1170 1069 1206 1106 ei
1226 1068 1468 1106 deteriorem
1487 1069 1687 1119 imposuit
1707 1069 1904 1107 indolem.

644 1135 757 1175 Nam,
778 1145 874 1171 cum
896 1133 962 1172 ille
982 1133 1033 1172 ab
1061 1133 1276 1184 Iphigenia
1297 1133 1512 1184 quaesivit,
1545 1134 1756 1184 quomodo
1783 1135 1916 1172 scelus
1943 1135 2195 1184 cognoverit,

586 1199 697 1250 qnod
713 1199 755 1236 in
778 1211 817 1237 se
834 1198 956 1237 amici
973 1199 1096 1237 ambo
1107 1198 1406 1249 concepissent,
1425 1199 1643 1248 respondet
1655 1211 1697 1237 se
1713 1211 1781 1237 eos
1798 1199 1852 1238 ita
1867 1199 2195 1250 interrogavisse,

587 1269 630 1301 ut
650 1275 735 1302 rem
755 1263 938 1302 confiteri
959 1263 1190 1301 debuerint.
1211 1264 1463 1314 Spectatores
1476 1276 1569 1301 vero
1588 1264 1776 1302 nondum
1797 1264 1914 1303 obliti
1929 1277 2036 1315 quae
2057 1265 2200 1304 suisset

585 1328 845 1378 interrogatio
879 1328 962 1372 illa,
1001 1333 1108 1366 certe
1140 1340 1222 1366 non
1257 1332 1444 1378 poterant
1483 1328 1571 1366 sine
1604 1329 1690 1366 risu
1719 1329 1827 1367 hanc
1857 1330 2197 1380 approbationem

585 1394 741 1440 audire,
772 1405 900 1444 quam
925 1393 1086 1444 puellae
1111 1393 1258 1432 dabat:

922 1497 1041 1548 Σοφὴν
1065 1494 1096 1534 ς’
1110 1496 1258 1548 ἔθρεψεν
1288 1493 1450 1545 Ἑλλάς,
1472 1496 1522 1543 ὡς
1542 1497 1655 1550 ᾔσθου
1675 1496 1805 1543 καλῶς
1820 1501 1848 1533 ¹.

631 1608 841 1647 Vocabulo
854 1610 962 1660 σοφός
983 1620 1098 1651 usus,
1122 1608 1235 1658 quod
1252 1611 1309 1645 tot
1328 1612 1366 1645 et
1382 1612 1466 1645 tam
1483 1607 1662 1646 diversas
1676 1607 1999 1658 significationes
2020 1609 2179 1659 amplec

579 1674 690 1719 titur,
707 1673 855 1724 virgini
873 1673 1023 1724 gratias
1039 1674 1200 1723 agebat,
1219 1673 1331 1724 quod
1349 1673 1545 1723 sagaciter
1561 1674 1743 1724 captivos
1758 1674 1919 1712 sceleris
1934 1673 2190 1717 convicisset,

576 1751 674 1777 cum
703 1739 813 1777 idem
840 1739 1056 1777 transferre
1081 1738 1218 1777 liceret
1244 1739 1286 1776 in
1307 1738 1585 1782 calliditatem,
1609 1751 1691 1790 qua
1718 1738 1870 1777 Orestis
1891 1751 2004 1777 soror
2023 1738 2192 1777 consilia

576 1805 734 1843 celaret.

627 1870 736 1908 Haec
769 1874 907 1908 autem
940 1870 1155 1920 profitetur
1192 1882 1233 1907 se
1262 1869 1387 1907 maris
1416 1882 1524 1920 aqua
1555 1869 1736 1920 captivos
1769 1870 2052 1908 lustraturam.
2095 1869 2186 1911 Cui.

573 1935 744 1974 consilio
765 1935 921 1979 audito,
944 1935 1165 1973 assentitur
1184 1935 1331 1979 Thoas,
1356 1934 1468 1985 quod
1489 1934 1587 1973 deae
1612 1935 1813 1973 Artemidi
1836 1935 1989 1973 hostias
2013 1934 2063 1972 sit
2085 1946 2189 1973 mac-

574 2005 704 2040 tatura
732 2000 931 2051 puriores.
965 2000 1072 2038 Tum
1101 2000 1169 2039 illa
1199 2000 1464 2039 cautissime:

934 2102 1003 2141 Καὶ
1023 2101 1124 2152 τάμά
1143 2101 1285 2152 γἐὕτω
1307 2102 1454 2152 μᾶλλον
1478 2104 1519 2141 ἂν
1542 2102 1671 2148 καλῶς
1694 2102 1770 2153 ἔχει
1786 2112 1814 2138 2.

628 2214 706 2253 Rex
727 2214 948 2253 arbitratur
973 2214 1218 2265 pronomine
1246 2214 1348 2264 τάμά
1373 2213 1543 2264 virginis
1574 2226 1730 2252 munus
1760 2213 1983 2263 designari.
2006 2225 2102 2251 eum
2133 2213 2184 2251 de

571 2279 666 2329 suga
688 2280 772 2330 ipsa
792 2280 990 2330 loquitur.
1010 2279 1265 2330 Adjungitur
1292 2291 1385 2317 vero
1411 2278 1509 2317 huic
1535 2278 1773 2330 pronomini
1801 2278 2000 2328 particula
2020 2281 2076 2328 ,22
2101 2291 2183 2329 qua

569 2344 749 2382 vidimus
770 2344 1072 2384 vocabulorum
1099 2344 1445 2394 significationem
1477 2344 1563 2381 fieri
1589 2344 1900 2394 expressiorem.
1933 2343 2040 2382 Dicit
2070 2343 2181 2381 enim

566 2409 745 2449 antistita
774 2422 856 2449 non
878 2414 1040 2448 tantum
1067 2410 1180 2448 aliud
1209 2409 1285 2447 sibi
1320 2413 1443 2459 atque
1464 2409 1548 2459 regi
1576 2409 1779 2459 expedire,
1811 2409 1880 2447 sed
1909 2408 2032 2447 etiam
2061 2420 2179 2447 suam

567 2473 784 2512 utilitatem
813 2487 899 2512 esse
922 2474 1185 2513 contrariam.

621 2539 664 2576 In
703 2540 888 2590 sequenti
922 2552 1041 2578 versu
1080 2539 1305 2578 rectissime
1338 2539 1542 2590 judicavit
1570 2540 1618 2578 H.
1653 2539 1825 2578 Weilius
1858 2538 2042 2577 Thoanta
2089 2551 2180 2578 eam

564 2603 824 2658 interrogare,
849 2617 950 2643 num
972 2606 1022 2643 ad
1043 2604 1374 2656 promontorium
1400 2618 1421 2643 e
1443 2617 1564 2644 scena
1590 2606 1676 2655 ipsa
1698 2609 1966 2655 prospectum
1996 2604 2178 2655 captivos

562 2669 680 2707 vellet
699 2670 887 2710 ducere3.
913 2671 989 2709 Cui
1007 2670 1227 2722 respondet
1248 2671 1366 2720 virgo
1385 2671 1525 2721 plures
1547 2670 1587 2708 in
1610 2682 1657 2709 eo
1678 2670 1767 2709 loco
1791 2670 1946 2715 adesse,
1976 2680 2102 2720 quam
2132 2674 2179 2708 ut

566 2734 634 2772 fiat
652 2735 851 2774 lustratio.
878 2736 1034 2775 Deinde
1061 2736 1156 2774 talia
1186 2735 1329 2774 addit:

1054 2870 1131 2877 .....
1154 2838 1215 2878 καὶ
1234 2839 1306 2891 γὰρ
1329 2838 1437 2878 ἄλλα
1457 2839 1636 2892 δράσομεν
1651 2838 1683 2877 4.

618 2971 643 2989 ι.
668 2961 770 3000 1ρ1ιί9.
792 2962 901 3000 Ταιιν.,
920 2961 1007 2993 1¹80.

613 3016 641 3037 ².
666 3006 798 3045 Ibidem,
819 3010 906 3049 ¹195-

611 3053 640 3084 3.
667 3052 795 3089 Ibidem.
818 3056 904 3092 1042.

610 3101 637 3135 5⁸·
665 3101 790 3138 Ibidem,
815 3112 900 3143 ¹¹97·
