2394 3660
560 148 689 191 CAPUT
718 163 799 190 xw.
823 173 873 178 -—
902 162 954 188 DE
983 161 1188 188 IPHIGENIA
1217 161 1254 188 n*
1286 161 1446 188 ACLmE.
1761 153 1803 191 δι

254 253 471 293 Credimus
489 265 600 304 ergo,
623 252 736 304 quod
755 251 925 303 quidem
945 250 1087 290 animo
1105 251 1226 302 plane
1247 251 1454 295 satisfacit,
1482 256 1645 303 poetam
1673 252 1814 291 fecisse

203 323 248 357 ut
273 319 389 370 virgo
414 318 462 361 ad
492 330 606 358 aram
630 330 727 357 cum
754 322 868 368 patre
894 320 997 355 stare
1024 316 1154 354 vellet.
1185 316 1223 354 Is
1249 316 1360 355 enim
1387 316 1470 356 ait:

579 425 679 465 Εἴσει
701 426 741 463 σύ
755 435 762 443 ·
776 424 956 477 χερνίόων
978 423 1051 476 γὰρ
1074 422 1238 472 ἐυ-τήξεις
1258 424 1378 471 πέλας
1403 423 1430 465 ¹,

201 538 347 578 latine:
379 537 566 577 «Omnia
592 537 763 580 videbis,
788 535 914 575 stabis
939 534 1051 573 enim
1078 547 1206 586 prope
1227 536 1451 574 lavacrum.
1475 550 1492 571 »
1517 535 1696 575 Tantum
1717 548 1811 576 vero

200 604 315 643 abest
342 607 389 641 ut
416 602 485 642 illa
513 602 620 653 regis
648 606 831 640 mentem
862 599 1131 651 introspiciat,
1164 605 1210 639 ut
1236 605 1376 639 contra
1403 600 1454 639 ab
1481 612 1528 639 eo
1556 606 1683 651 roget,
1707 614 1810 640 num

200 668 346 707 choros
375 667 533 706 circum
562 667 703 706 altaria
733 666 909 704 ductura
936 665 999 703 sit.
1031 664 1126 703 Ideo
1153 670 1266 716 pater
1293 665 1435 709 filiam,
1468 666 1692 705 voluntatis
1721 667 1811 717 ejus

200 732 402 783 ignaram,
431 744 472 771 se
500 731 591 783 ipso
619 730 841 770 feliciorem
868 742 955 768 esse
983 729 1218 768 arbitratur.

251 797 371 847 Quod
396 796 595 848 sequitur,
624 796 796 838 laborat,
825 807 959 845 neque
987 794 1106 833 nobis
1134 795 1332 845 probatur
1355 795 1468 845 quod
1496 796 1542 834 G.
1574 795 1812 835 Hermanno

198 861 373 900 scribere
401 860 568 912 placuit.
600 859 751 898 Contra
780 872 921 898 versus
951 858 1097 910 679-8li
1128 859 1249 909 plane
1278 872 1349 910 per
1379 872 1419 898 se
1449 860 1727 903 admirabiles,
1759 861 1809 899 ad

203 938 288 965 rem
314 930 468 970 autem,
497 925 564 964 cui
592 925 823 968 studemus,
853 924 1027 962 minime
1053 924 1272 974 pertinent.

248 992 399 1030 Scenae
423 991 466 1029 in
493 990 630 1029 medio
656 991 840 1029 trimetro
866 990 956 1033 685,
986 995 1141 1041 praeter
1166 990 1512 1029 consuetudinem
1535 991 1801 1041 tragicorum,

199 1055 414 1107 Euripides
434 1056 561 1093 finem
582 1055 688 1098 fecit,
714 1059 935 1105 postquam
955 1055 1214 1105 Agamemno
1244 1054 1501 1105 Iphigeniam
1517 1054 1642 1104 jussit
1665 1056 1705 1094 in
1728 1061 1810 1094 ten-

197 1120 348 1158 torium
386 1119 531 1159 redire.
582 1120 687 1158 Tum
727 1120 898 1158 demum
938 1120 1273 1170 Clytaemnestra,
1315 1132 1421 1170 quae
1468 1124 1598 1158 tacere
1645 1120 1804 1167 debuit,

194 1184 382 1235 quandiu
408 1184 643 1223 diverbium
672 1184 969 1235 produxerunt,
1001 1184 1041 1222 in
1067 1185 1205 1222 locum
1236 1184 1342 1221 filiae
1375 1184 1571 1222 succedit.
1606 1185 1805 1223 Paulatim

195 1261 302 1294 vero,
326 1249 398 1287 ubi
419 1254 513 1288 nata
532 1249 647 1290 abiit.
672 1254 786 1300 pater
807 1250 852 1287 fit
879 1249 941 1287 sui
971 1261 1156 1300 compos.
1182 1254 1226 1286 ut
1252 1249 1424 1287 consilio
1451 1261 1561 1287 mera
1589 1250 1801 1288 mendacia

195 1315 313 1354 matri
340 1320 513 1365 enarret,
542 1315 654 1354 haud
676 1315 793 1353 facile
818 1315 925 1353 filiae
950 1314 1161 1353 veritatem
1188 1326 1271 1353 non
1299 1315 1526 1353 confessus.

246 1380 433 1418 Primum
450 1380 693 1431 illamjubct
716 1380 925 1430 ignoscere
941 1379 1136 1422 lacrimis.
1156 1391 1335 1430 quarum
1357 1379 1433 1417 sibi
1457 1379 1690 1419 timendum
1707 1385 1803 1425 erat,

194 1457 244 1483 ne
276 1457 445 1484 causam
478 1445 753 1495 investigaret.
788 1445 967 1482 Vixdum
1002 1445 1143 1482 audito
1172 1456 1383 1495 responso,
1417 1445 1618 1495 comperit
1648 1446 1805 1485 nullam

193 1510 473 1561 suspicionem
501 1510 590 1560 ejus
625 1510 765 1549 animo
800 1510 1085 1548 insinuavisse.
1124 1509 1231 1547 Tum
1261 1509 1311 1547 (lc
1347 1510 1504 1560 nuptiis
1534 1510 1804 1555 celebrandis,

191 1575 241 1613 de
273 1575 444 1614 Achillis
477 1580 569 1614 ortu
597 1575 848 1619 fabulantur,
877 1575 946 1613 sed
976 1588 1072 1613 cum
1115 1579 1244 1613 mater
1278 1575 1509 1614 sciscitatur
1538 1588 1641 1613 num
1677 1577 1805 1615 filiam

194 1640 253 1678 vir
274 1640 468 1680 Phthiam
489 1653 629 1680 secum
652 1641 702 1679 sit
722 1641 940 1684 ducturus,
965 1640 1031 1679 ille
1052 1640 1107 1679 ait
1127 1640 1177 1679 de
1199 1640 1371 1678 Plutone
1393 1653 1533 1678 secum
1561 1641 1723 1680 locutus
1744 1655 1751 1679 :

600 1741 718 1793 Κείνῳ
741 1741 897 1791 μελήσει
918 1744 1034 1780 ταῦτα
1054 1746 1105 1792 τῷ
1127 1742 1344 1791 κεκτημένῳ
1359 1751 1388 1778 ².

244 1852 344 1892 Dein
371 1852 694 1903 Clytaemnestra
727 1852 887 1903 quaerit
915 1864 1020 1891 num
1050 1851 1248 1891 sacrificia
1285 1856 1398 1902 pater
1430 1851 1664 1896 confecerit,
1699 1864 1805 1903 quae

188 1920 387 1972 προτέλεια
415 1915 672 1958 vocarentur.
712 1917 789 1957 Cui
817 1918 1060 1970 respondet:

567 2020 738 2060 Mss'tomr'
755 2020 793 2059 πὶ
814 2021 928 2074 ταύτῃ
948 2020 1010 2060 καὶ
1032 2022 1260 2071 καθέσταμεν
1283 2021 1376 2073 τύχῃ
1390 2025 1420 2057 3.

243 2133 287 2171 ln
308 2133 386 2172 hoc
407 2137 545 2173 autem
568 2145 650 2172 non
672 2134 884 2179 mentitur,
909 2146 1006 2173 nam
1027 2146 1124 2173 cum
1152 2133 1193 2172 in
1221 2133 1353 2184 ipsius
1381 2137 1518 2172 mente
1545 2136 1653 2172 tanta
1681 2132 1805 2172 fuerit

188 2197 418 2242 fluctuatio,
437 2199 533 2250 jure
552 2198 653 2238 dicit
673 2212 714 2238 se
735 2199 925 2238 nondum
947 2199 1197 2238 sacrificium
1217 2198 1387 2248 virginis
1408 2198 1648 2237 confecisse.
1676 2197 1802 2237 Mater

186 2275 300 2302 vero:
332 2264 447 2303 «Sed
474 2277 572 2303 cum
604 2266 806 2318 προτέλεια
836 2265 1116 2309 celebraveris,
1147 2264 1296 2315 inquit,
1326 2263 1505 2303 sacrisne
1539 2263 1800 2315 nuptialibus

186 2329 429 2379 operabere'?
451 2345 467 2365 »
497 2330 605 2369 Tum
631 2334 771 2381 pater:

589 2429 711 2476 Θύςας
731 2442 776 2479 γε
796 2428 925 2478 θύμαθ’
940 2429 1010 2479 ἁμὲ
1030 2428 1106 2480 χρὴ
1127 2429 1230 2467 θῦσαι
1251 2429 1350 2474 (lsai-t
1364 2425 1396 2465 '‘⁸-

239 2540 342 2580 Satis
363 2541 438 2580 erit
458 2541 790 2581 emendationem
811 2541 1012 2581 Porsonni
1033 2552 1372 2584 commemorare,
1396 2540 1469 2590 qui
1490 2551 1564 2590 pro
1592 2542 1614 2579 ἅ
1635 2540 1798 2592 μ’ἕχρην

187 2605 350 2657 scripsit
378 2608 448 2657 ἁμὲ
475 2610 565 2661 χρὴ.
595 2607 671 2646 Hic
692 2608 803 2647 enim
825 2608 858 2646 si
880 2619 1060 2658 usquam
1081 2606 1282 2646 sermonis
1302 2605 1574 2655 ambiguitate
1595 2604 1799 2643 utendum

185 2675 283 2711 erat.

241 2734 350 2775 Nihil
370 2736 483 2776 aliud
502 2749 549 2776 ex
569 2749 615 2778 ea
632 2750 753 2778 scena
773 2738 958 2777 referam.
983 2737 1087 2777 Nam
1109 2741 1332 2789 postquam
1347 2736 1606 2786 Agamemno
1630 2746 1800 2773 uxorem

182 2800 310 2851 jussit
341 2801 392 2841 de
425 2803 606 2842 exercitu
639 2803 861 2848 discedere,
899 2808 945 2842 ut
977 2803 1082 2842 filias
1115 2803 1229 2843 domi
1264 2801 1423 2841 relictas
1461 2805 1636 2845 curaret,
1672 2803 1801 2839 mater

239 2929 266 2951 1.
291 2919 393 2961 Iphiy.
413 2920 445 2951 in
459 2921 546 2960 Aul„
564 2921 636 2962 675.

235 2977 264 2998 2.
289 2967 420 3006 Ibidem,
439 2969 509 3009 7¹5.

237 3014 266 3044 3.
293 3015 423 3054 Ibidem,
444 3026 513 3056 7¹9·

243 3062 270 3097 4.
295 3061 426 3099 Ibidem,
446 3072 514 3102 7²¹-
