2394 3660
515 197 563 236 (58
842 207 891 231 nr.
921 206 1091 232 rnxorm
1125 205 1397 231 ,ulmetum-rr.
1427 204 1532 231 ΛΡΜ)
1562 204 1795 231 Ermpmmt.

511 296 775 349 deprehendi.
807 293 1060 332 Contendere
1086 305 1180 331 vero
1209 305 1292 331 non
1321 292 1610 331 dubitabimus
1638 294 1870 333 maximum
1899 295 1996 334 inde
2024 296 2127 347 peri·

511 362 655 400 culum
673 359 849 409 tragicae
869 358 945 396 arti
966 357 1107 396 fuisse.
1132 356 1280 396 Nullus
1306 357 1418 396 enim
1445 361 1530 396 tam
1557 357 1770 408 ingeniose
1795 358 1952 404 scribit,
1983 359 2126 398 nullus

340 462 345 471 ,
390 441 395 446 ’
445 410 453 462 s
512 425 762 477 tragoediam
792 428 939 465 natura
967 421 1243 461 inaffectatam
1273 422 1517 461 calamistris
1547 421 1711 461 inurere
1741 422 1893 468 studet,
1924 422 1999 463 ubi
2028 435 2126 463 eum

446 477 449 479 Α
511 489 677 543 penitus
711 492 1025 528 commoverunt
1059 499 1121 526 res
1154 499 1258 538 quas
1301 500 1445 526 scenae
1477 488 1710 526 committit.
1747 487 1798 526 Et
1827 488 2126 540 spectatoribus

511 556 622 595 haud
642 554 758 593 facile
780 557 890 591 tanta
912 552 1209 591 sententiarum
1230 552 1487 591 concinnitas
1512 553 1726 603 probatur,
1754 565 1859 603 quos
1890 554 2040 593 invasit
2064 554 2127 593 vel

513 623 660 663 metus,
693 619 755 657 vel
784 617 1076 656 misericordia.
1108 617 1282 656 Graecos
1302 630 1399 656 sane.
1419 629 1503 656 non
1524 618 1766 667 ignoramus
1786 618 1838 656 ad
1859 619 2127 658 subtilitatem

469 703 472 706 ·
510 685 637 723 fuisse
655 683 846 721 omnium
866 682 1153 732 pronissimos,
1175 695 1301 733 quam
1325 684 1365 721 in
1382 683 1746 733 praestantissimis
1766 695 1910 722 eorum
1931 684 2127 735 operibus

516 754 651 800 notare
674 759 977 797 nonnunquam
998 747 1104 785 lice't.
1129 746 1346 798 Euripides
1369 748 1507 794 igitur,
1531 759 1614 798 quo
1637 759 1758 786 nemo
1784 748 1920 786 verius
1948 749 2126 787 Graecus

512 813 704 864 appellari
735 816 881 862 potest,
911 812 1019 850 cives
1048 812 1090 849 in
1120 814 1371 864 στιχεμ.υθίκ’.ς
1403 813 1580 850 maxime
1613 813 1841 856 delectavit,
1879 813 1952 851 ubi
1986 825 2127 852 versus

512 878 731 927 ambiguos
751 877 802 914 de
823 876 1024 914 industria
1045 877 1336 917 accumulavit.
1360 882 1395 915 et
1418 877 1608 927 quotiens
1630 889 1841 928 personae,
1871 878 2126 927 argutissimi

511 943 701 980 omnium
730 941 934 985 homines,
968 942 1008 978 in
1040 941 1186 979 vividis
1215 942 1430 992 colloquiis
1462 943 1665 980 trimetros
1694 943 1735 980 in
1769 942 1897 981 vicem
1936 942 2125 986 edebant,

513 1009 632 1058 quasi
659 1008 786 1059 pilam
813 1012 1016 1058 arreptam
1044 1008 1150 1045 inter
1176 1004 1217 1046 s‘e
1245 1007 1532 1046 reddidissent.

566 1072 824 1111 Recentiores
844 1083 938 1110 vero
960 1072 1001 1109 in
1023 1072 1087 1110 his
1107 1072 1207 1110 locis
1227 1071 1570 1122 perfectissimam
1591 1073 1804 1123 Sophoclis
1819 1074 2127 1125 jucunditatem

513 1138 675 1188 saepius
705 1137 951 1181 desiderant,
985 1142 1023 1174 et
1057 1136 1231 1175 eandem
1268 1137 1636 1188 simplicissimam.
1672 1138 1770 1177 Inde
1804 1139 1838 1176 si
1866 1139 2126 1178 contenderis

513 1203 780 1241 Athenienses
816 1202 858 1240 in
897 1202 1045 1240 ultima
1078 1202 1215 1252 quinti
1254 1202 1405 1240 saeculi
1443 1207 1557 1253 parte
1591 1202 1649 1241 sic
1687 1209 1931 1254 argumenta
1970 1205 2129 1244 scenica

514 1267 687 1311 novisse,
711 1272 756 1304 ut
782 1271 924 1317 poetae
945 1278 1064 1304 aures
1091 1278 1235 1304 eorum
1262 1266 1378 1317 prius
1404 1271 1566 1317 captare
1592 1266 1824 1312 debuerint,
1855 1280 1939 1319 quo
1963 1268 2125 1307 facilius

513 1337 677 1383 pectora
698 1331 892 1382 deinceps
913 1336 1234 1375 commoverent,
1260 1331 1335 1369 tibi
1355 1331 1569 1370 fatendum
1597 1332 1685 1376 erit,
1708 1333 1789 1371 nisi
1810 1333 1941 1377 fallor,
1963 1338 2126 1384 poetam

513 1398 647 1441 illum,
678 1396 888 1447 Euripidis
915 1397 1144 1447 aequalem,
1176 1408 1395 1447 nunquam
1425 1408 1550 1447 pravo
1579 1397 1693 1447 vulgi
1717 1397 1878 1448 judicio
1906 1398 1961 1436 ita
1995 1398 2129 1437 indul-

514 1462 626 1505 sisse,
659 1461 731 1512 qui
763 1473 924 1512 semper
954 1473 1102 1512 puram
1132 1465 1171 1499 et
1201 1461 1402 1500 sinceram
1429 1466 1557 1502 artem
1584 1461 1769 1500 coluerit.
1799 1462 1975 1501 Maxime
2003 1462 2130 1513 igitur

512 1526 715 1564 claudicat
746 1526 977 1576 Euripides,
1011 1525 1085 1564 ubi
1114 1538 1210 1564 eum
1245 1538 1343 1565 cum
1377 1525 1576 1577 Sophocle
1609 1527 1844 1565 contuleris.
1878 1527 1986 1566 Haec
2016 1527 2127 1566 enim

512 1591 724 1630 nonnullis
744 1592 966 1642 praecipua
987 1592 1077 1630 laus
1097 1596 1157 1630 est
1176 1596 1214 1630 et
1233 1592 1377 1636 virtus,
1397 1592 1509 1643 quod
1529 1591 1640 1630 idem
1661 1592 1809 1630 vitium
1829 1604 1852 1630 a
1871 1591 2128 1631 difficillimis

511 1656 781 1700 existimatur,
795 1661 840 1694 ut
857 1661 1022 1707 propter
1037 1656 1219 1695 nimium
1234 1656 1432 1695 omnibus
1445 1656 1632 1707 placendi
1651 1656 1853 1701 studium,
1870 1657 2125 1708 quibusdam

511 1733 593 1759 non
619 1721 820 1772 placeant.

1312 1963 1397 1988 VIDI
1434 1963 1480 1988 AC
1519 1963 1701 1994 PERLEGI,

1098 2046 1273 2084 Lutetiae
1311 2044 1579 2088 Parisiorum,
1623 2045 1659 2082 in
1698 2044 1895 2084 Sor-bona.

1208 2138 1306 2167 Pridie
1322 2137 1421 2166 Nonas
1435 2138 1516 2169 Jun..
1533 2145 1612 2167 anno
1629 2145 1779 2168 ›mcccxcxp

1388 2283 1568 2313 Facultatis
1590 2282 1793 2313 Litterarum
1812 2284 1846 2313 in
1866 2284 2045 2315 Academia

1452 2336 1633 2366 Parisiensi
1648 2336 1814 2371 Decanus,

1700 2409 1742 2441 A.
1778 2406 1939 2442 HIMLY.

756 2465 875 2496 TYPIS
906 2465 1159 2496 MANDETUR:

674 2538 870 2569 Academiae
886 2537 1085 2568 Parisiensis
1104 2538 1232 2569 Rector.

887 2602 1092 2645 GREARD.
