2394 3660
540 193 669 220 captr
698 194 780 221 ΠΙ.
804 205 853 211 -
882 194 933 220 οε
961 194 1166 221 mmmmm
1194 195 1231 221 ix
1262 195 1423 222 atuor.
1740 186 1787 223 53

178 281 282 320 Nam
302 294 397 334 pars
415 282 591 333 hujusce
609 281 773 322 fabulae
797 283 921 334 prior,
945 293 1071 333 quam
1100 294 1183 321 non
1212 283 1298 322 sine
1322 284 1503 323 maxima
1528 283 1649 323 laude
1679 284 1790 323 Euri-

180 347 297 398 pides
327 347 503 399 scripsit,
537 347 675 386 indole
702 359 749 386 ac
779 352 925 386 natura
953 346 1051 386 huic
1078 347 1171 398 styli
1196 348 1368 387 artificio
1394 349 1664 400 repugnabat,
1686 349 1789 388 dum

180 413 350 452 alteram
370 416 481 463 tanta
509 413 767 452 festinatione
793 411 1077 464 composuisse
1103 412 1278 457 videtur,
1310 418 1357 452 ut
1385 426 1482 452 eum
1510 415 1684 454 libenter
1712 427 1792 453 cre-

180 477 333 517 dideris
351 476 515 516 dicendi
535 482 621 516 arte
640 477 903 521 abstinuisse,
925 489 1032 528 quae
1058 477 1225 528 majoris
1248 482 1353 516 esset
1371 478 1625 518 difficultatis
1644 484 1683 518 et
1702 479 1787 518 otii.

232 542 305 581 His
334 541 470 586 dictis,
502 554 668 581 scenam
697 542 928 592 aggredior,
964 542 1005 580 in
1035 554 1117 592 qua
1146 542 1383 587 Hermiona,
1415 544 1592 583 Helenae
1618 544 1716 588 filia,
1748 544 1789 581 in

180 606 299 645 aedes
317 606 562 656 ingreditur,
588 611 633 644 ut
652 618 674 644 e
699 610 828 644 matre
849 605 979 644 Oresti
999 610 1038 644 et
1057 605 1237 644 Electrae
1255 607 1381 645 vitam
1403 608 1558 646 salvam
1584 608 1788 659 impetret,

178 671 282 710 dum
301 675 442 710 contra
462 671 505 709 in
526 671 696 709 insidias
716 670 935 722 delapsura
955 675 1028 715 est,
1051 683 1156 722 quas
1181 672 1341 710 Orestes
1360 685 1406 710 ac
1427 673 1564 711 socius
1585 685 1791 723 compara-

179 742 337 776 verunt.
374 737 479 776 Nam
512 736 669 776 Electra
701 737 817 787 prius
851 737 963 775 fratri
997 742 1036 776 et
1068 737 1209 787 Pyladi
1242 739 1458 788 persuasit,
1496 744 1542 776 ut
1574 751 1619 777 ea
1647 738 1790 777 obside

178 807 404 847 uterentur,
422 814 473 841 ne
494 802 717 845 Menelaus,
737 801 888 840 Helena
909 802 1057 846 occisa,
1075 814 1252 853 poenam
1272 803 1324 842 ab
1343 803 1400 842 eis
1421 809 1630 854 repeteret.
1650 803 1790 854 Itaque

177 878 275 906 cum
300 867 428 906 limen
453 867 587 918 regiae
614 866 739 910 subit,
771 867 828 905 sic
854 866 1010 906 Electra
1037 867 1191 918 perfide
1219 868 1451 918 eloquitur:

583 966 652 1007 '‘16'
676 967 727 1016 εἷς
748 967 877 1019 ἀγῶνα
897 968 1008 1021 δεῦρ’,
1028 969 1104 1019 ἐγὼ
1126 968 1156 1007 δ’
1173 970 1375 1020 ἡγήσομαι·

584 1033 770 1086 σωτηρίας
789 1034 860 1086 γὰρ
881 1034 986 1085 τέρμ’
1006 1034 1104 1086 ἔχεις
1124 1035 1216 1084 ἡμῖν
1239 1036 1332 1084 μένῃ
1350 1035 1376 1073 ¹.

229 1144 443 1184 Existimat
481 1145 704 1184 Hermiona
742 1145 935 1196 precibus
974 1146 1117 1189 alludi,
1158 1146 1326 1196 quibus,
1363 1152 1408 1184 ut
1442 1147 1640 1186 incolumi
1674 1147 1790 1186 liceat

176 1210 307 1249 Oresti
322 1210 447 1255 abire,
466 1223 563 1249 cum
580 1215 708 1250 matre
724 1211 979 1250 decertatura
995 1212 1060 1255 sit,
1075 1216 1121 1250 ut
1135 1223 1221 1250 rem
1238 1212 1325 1262 ipse
1345 1211 1560 1264 Euripides
1580 1213 1789 1264 expressit.

177 1275 368 1325 Quantus
394 1287 490 1314 vero
515 1275 565 1314 sit
592 1276 682 1326 ejus
711 1288 834 1319 error,
867 1287 888 1314 e
914 1276 1184 1326 sequentibus
1222 1276 1344 1315 rebus
1381 1277 1495 1316 haud
1532 1278 1664 1316 multo
1702 1283 1792 1329 post

177 1340 495 1380 demonstratur.

260 1654 480 1706 CAPUT
525 1655 657 1706 xvl.
687 1685 746 1692 —
783 1655 868 1706 DE
918 1655 1279 1707 lPHIGENlA
1325 1657 1391 1708 IN
1436 1657 1705 1708 AL'LIDE.

235 1949 398 1988 Scimus
418 1948 663 2000 Iphiqeniam
692 1949 835 1988 eodem
863 1961 986 1993 anno,
1010 1961 1093 2000 quo
1120 1949 1317 1993 Bacchae,
1346 1949 1526 1995 doctam,
1550 1950 1590 1987 in
1613 1962 1792 1992 scenam.

181 2014 376 2066 Euripide
395 2018 572 2058 mortuo,
591 2014 763 2053 demum
784 2014 986 2065 prolatam
1007 2026 1106 2053 esse.
1127 2014 1261 2063 Quam
1288 2015 1529 2053 recentiores
1545 2015 1674 2053 critici
1693 2016 1797 2053 inter

180 2079 497 2131 perfectissimas
531 2079 659 2118 nostri
697 2084 837 2131 poetae
877 2079 1107 2130 tragoedias
1145 2084 1321 2131 ponunt,
1362 2092 1490 2131 eaque
1524 2080 1665 2131 opinio
1699 2093 1795 2119 cum

181 2149 364 2184 veterum
389 2145 585 2196 opinione
611 2157 837 2195 congruere
862 2144 1036 2184 videtur.

235 2210 540 2261 Argumentum
587 2209 866 2249 notissimum.
913 2209 1017 2248 Nam
1062 2209 1311 2249 Graecorum
1355 2210 1510 2255 classis,
1546 2215 1666 2249 vento
1704 2210 1798 2249 defi-

182 2275 327 2320 ciente,
364 2275 512 2314 Aulide
540 2275 702 2314 detenta
732 2275 832 2313 solvi
858 2275 1016 2325 nequit,
1044 2275 1123 2313 nisi
1150 2275 1377 2326 iphigenia,
1400 2276 1726 2326 Agamemnonis
1751 2289 1797 2315 ac

182 2340 526 2390 Clytaemnestrae
541 2340 638 2384 filia,
658 2345 821 2379 auctore
842 2340 1076 2383 Calchante,
1095 2341 1306 2379 immolata
1327 2342 1414 2379 erit.
1439 2342 1554 2379 Pater
1575 2354 1682 2387 vero,
1700 2354 1795 2380 cum

185 2405 384 2456 primum,
419 2405 602 2444 Menelao
628 2406 819 2449 instante,
853 2405 965 2444 caedi
994 2406 1101 2444 filiae
1130 2407 1357 2451 annuisset,
1394 2407 1563 2457 conjugi
1599 2419 1694 2445 suae
1728 2420 1799 2457 per

184 2471 350 2517 litteras,
373 2470 601 2520 hymenaeo
622 2470 859 2521 Iphigeniae
880 2483 977 2509 cum
999 2471 1155 2509 Achille
1181 2472 1351 2521 prolato,
1379 2471 1604 2515 mandavit,
1634 2477 1678 2509 ut
1708 2484 1796 2510 eain

186 2535 237 2574 ad
257 2540 387 2574 castra
407 2536 598 2575 mitteret.
623 2536 713 2575 Mox
739 2541 878 2574 autem
905 2536 1103 2587 epistulae
1129 2537 1256 2587 hujus
1283 2549 1379 2575 eum
1406 2538 1620 2588 paenituit,
1654 2538 1706 2575 ita
1737 2542 1796 2580 ut,

187 2602 320 2653 prima
340 2601 432 2640 luce
450 2602 493 2640 in
515 2614 680 2640 scenam
702 2601 913 2645 inductus,
931 2602 1077 2652 jubeat
1097 2602 1229 2640 fidum
1258 2614 1397 2641 senem
1424 2606 1551 2653 Argos
1577 2602 1797 2653 proficisci,

188 2679 238 2705 ne
264 2671 394 2705 mater
420 2671 558 2705 natam
586 2666 779 2705 Aulidem
804 2667 995 2705 adducat.

239 2731 398 2771 Accidit
426 2744 522 2771 vero
547 2738 590 2770 ut
622 2733 708 2772 seni
736 2733 946 2771 Menelaus
971 2733 1118 2771 obvius
1145 2739 1263 2780 esset,
1296 2734 1367 2784 qui
1396 2735 1434 2772 vi
1466 2734 1624 2773 tabulas
1653 2735 1796 2773 aufert.

186 2798 303 2836 Tunc
337 2797 444 2837 rixae
482 2799 665 2837 tumultu
703 2798 859 2844 audito,
901 2799 1158 2849 Agamemno
1191 2812 1212 2838 e
1248 2800 1421 2838 tentorio
1454 2812 1657 2850 egressus,
1689 2800 1799 2838 fratri

186 2868 322 2915 aperte
355 2863 548 2910 declarat,
579 2876 620 2902 se
648 2864 737 2914 jam
771 2864 899 2903 filiam
932 2869 1108 2903 mactare
1137 2866 1257 2904 nolle.
1292 2865 1368 2904 Sed
1400 2877 1447 2904 eo
1481 2866 1571 2917 ipso
1605 2866 1801 2917 temporis

188 2932 400 2967 momento
425 2927 539 2967 adest
565 2929 754 2972 nuntius,
786 2929 1152 2979 Clytaemnestram
1183 2942 1279 2968 cum
1312 2929 1525 2980 Iphigenia
1555 2930 1606 2970 ad
1636 2931 1800 2982 nuptias

189 2993 453 3033 celebrandas
480 2993 671 3032 advenire
697 2994 887 3033 reserens.

247 3107 272 3126 ι.
299 3097 368 3133 Ora,
391 3095 476 3131 1352,
498 3096 526 3126 3.
