2394 3660
533 201 582 241 58
861 215 911 240 DE
941 213 1114 240 TRAGICA
1142 211 1417 239 AMBIGUITATE
1447 211 1553 237 APUD
1583 192 1818 238 summram.

532 302 657 342 aliam
679 301 923 342 sententiam
951 300 1090 338 fuisse.
1114 299 1241 338 Tanta
1266 303 1405 338 autem
1432 298 1578 349 peritia
1604 301 1642 335 et
1668 301 1752 335 arte
1778 296 1909 336 editor
1938 309 2040 336 usus
2066 302 2140 342 est,

533 372 580 406 ut
608 367 720 418 quod
748 363 992 416 respondere
1021 363 1197 402 debehat
1225 363 1355 413 virgo,
1386 367 1424 402 et
1457 361 1570 412 quod
1598 361 1679 412 ipsi
1709 365 1953 411 spectatores
1983 372 2146 411 respon-

535 432 703 476 dissent,
725 432 766 468 in
783 429 926 467 eodem
947 440 1066 466 versu
1086 427 1357 466 contineatur.
1377 426 1485 466 Dicit
1503 426 1615 464 enim
1635 425 1865 476 Iphigenia,
1882 437 2010 476 quam
2030 425 2145 464 decet

533 495 726 546 genitoris
747 493 968 532 consilium
988 493 1191 542 ignorare,
1214 491 1288 530 etsi
1307 491 1411 530 illud
1432 503 1515 529 non
1542 491 1718 540 ignorat,
1748 502 1789 528 se
1819 490 1989 535 nescire,
2018 502 2146 540 quan-

532 572 656 611 quam
692 571 776 596 non
811 558 952 603 nescit,
981 557 1083 607 quid
1117 556 1195 595 sibi
1228 557 1413 595 voluerit.
1453 555 1619 594 Eisdem
1651 567 1746 594 vero
1780 554 1930 600 verbis,
1961 567 2059 593 cum
2093 555 2145 593 sit

531 623 853 674 Agamemnonis
878 622 1076 660 sententia
1096 622 1185 672 ipsa
1200 633 1364 672 anceps,
1388 620 1645 670 significatur
1665 620 1788 659 etiam
1809 619 1991 671 puellam
2009 632 2144 658 unum

533 688 702 739 quidem
735 687 906 725 trimetri
936 686 1005 725 651
1043 698 1212 725 sensum
1243 698 1326 724 non
1355 685 1609 731 discrevisse,
1643 685 1747 724 dum
1776 685 1951 723 alterum
1980 685 2145 736 penitus

532 753 726 792 intellexit
746 767 753 790 :
778 753 840 792 οὖν.
862 750 939 792 οἶδε’
958 767 997 791 τε
1015 752 1077 792 καὶ
1098 751 1207 792 εἶδεν.

588 820 715 863 Pater,
752 818 822 868 qui
853 818 894 855 in
924 818 1002 856 hoc
1036 818 1142 856 filiae
1176 829 1371 868 responso
1400 817 1532 866 magis
1561 829 1795 867 expressam
1821 828 1907 855 esse
1933 816 2143 855 veritatem

536 884 752 927 existimat,
775 894 901 932 quam
922 882 1010 932 ipsa
1031 883 1266 928 arbitratur,
1288 882 1466 921 declarat
1485 894 1575 920 eam
1602 893 1649 920 eo
1675 882 1874 932 maj0rem
1899 881 1942 919 in
1963 893 2004 919 se
2025 881 2146 919 mise-

535 948 734 987 rationem
761 947 1035 985 commovisse
1059 959 1143 997 quo
1170 947 1415 998 prudentius
1442 947 1577 985 locuta
1603 951 1689 984 est:

874 1059 1012 1098 Συνετὰ
1033 1060 1197 1110 λέγουσα
1219 1059 1365 1109 μᾶλλον
1388 1059 1440 1106 εἷς
1460 1057 1584 1099 οἶκτόν
1607 1059 1644 1108 μ’
1658 1058 1761 1110 ἄγεις
1775 1058 1803 1097 ¹.

586 1177 662 1215 Cui
689 1175 865 1215 candide
891 1180 1013 1214 nata:

926 1281 1101 1322 ’Aeo-2272
1120 1286 1180 1321 νῦν
1204 1282 1372 1335 ὲρεῦμεν,
1395 1280 1426 1320 εἷ
1447 1283 1487 1320 σέ
1504 1278 1755 1333 *fabem-163²·

590 1401 708 1439 Haud
729 1412 845 1450 aegre
866 1401 1064 1439 concedes
1083 1399 1371 1450 hujuscemodi
1392 1399 1606 1448 dialogum
1626 1411 1723 1437 eum
1743 1410 1844 1443 esse,
1861 1399 1934 1449 qui
1955 1410 2037 1437 non
2059 1398 2146 1437 sine

536 1467 716 1505 maxima
736 1466 977 1504 difficultate
997 1466 1048 1504 ab
1075 1465 1270 1516 Euripide
1303 1465 1611 1516 produceretur.
1642 1464 1781 1502 Artem
1811 1464 1922 1502 enim
1950 1464 2146 1514 tragicam

532 1536 689 1582 oportet
709 1532 751 1569 in
773 1531 983 1569 mentibus
1004 1531 1255 1580 voluptatem
1272 1530 1428 1573 afferre,
1447 1529 1696 1579 nullumque
1719 1529 1903 1567 laborem
1925 1529 2144 1580 requirere,

532 1608 628 1635 nam
650 1596 760 1634 haud
783 1596 965 1633 multum
989 1595 1123 1633 sabula
1144 1595 1355 1645 probatur,
1379 1594 1570 1644 quotiens
1591 1594 1717 1632 nimis
1738 1594 1899 1632 animos
1920 1593 2143 1632 contendit.

533 1661 625 1699 Fuit
658 1661 783 1711 igitur
812 1661 860 1698 ad
894 1660 934 1698 id
963 1660 1039 1698 loci
1072 1659 1344 1697 subtilissimo
1372 1663 1512 1709 poetae
1539 1663 1838 1709 opportunum,
1869 1663 2146 1708 spectatorum

533 1726 692 1763 animos
719 1726 926 1776 paulisper
951 1726 1096 1769 laxare,
1127 1736 1210 1775 quo
1237 1724 1408 1775 posthac
1436 1736 1532 1762 eum
1560 1723 1756 1762 libentius
1782 1723 2035 1761 exaudirent.

587 1790 680 1829 Ideo
700 1791 815 1828 finxit
836 1791 1191 1841 Agamemnonem
1219 1789 1276 1828 sic
1298 1794 1413 1827 natae
1439 1789 1572 1827 verbis
1596 1793 1867 1833 commotum,
1890 1793 1936 1826 ut
1959 1789 2023 1826 vix
2042 1800 2149 1827 arca-

536 1868 639 1894 num
669 1855 957 1895 continuerit3.
998 1855 1210 1906 Iphigenia
1239 1866 1346 1898 vero,
1382 1855 1552 1892 trimetri
1582 1854 1651 1893 651
1680 1867 1811 1905 nuper
1844 1854 1941 1892 dicti
1971 1865 2144 1898 memor,

532 1926 688 1971 patrem
717 1921 916 1963 hortatur,
949 1925 994 1958 ut
1021 1920 1135 1959 domi
1165 1932 1262 1958 cum
1291 1920 1430 1958 liberis
1461 1924 1652 1958 maneat:
1677 1920 1710 1957 is
1740 1924 1879 1958 autem
1909 1931 1994 1957 rem
2025 1923 2146 1970 negat

532 1987 617 2024 sieri
651 1999 781 2037 posse.
820 1987 926 2024 Tum
962 1986 1097 2024 subito
1130 1986 1337 2024 malorum
1366 1997 1534 2024 causam
1564 1986 1615 2023 ab
1644 1985 1802 2036 origine
1828 1985 1944 2035 virgo
1973 1985 2143 2036 repetit:

531 2052 687 2089 bellum
708 2057 744 2089 et
765 2052 1015 2090 calamitates
1043 2055 1287 2094 exsecratur,
1316 2063 1419 2101 quas
1448 2050 1654 2088 Menelaus
1681 2064 1702 2088 e
1730 2050 1884 2102 nuptiis
1911 2050 2142 2089 concitavit.

533 2110 616 2149 Rex
641 2122 748 2155 vero,
778 2123 901 2161 quem
934 2122 1019 2148 sors
1046 2115 1162 2148 natac
1188 2110 1406 2149 excruciat.
1438 2110 1681 2160 respondet:

904 2215 1075 2265 ’Ἀλλους
1095 2218 1179 2257 ἑλεῖ
1199 2218 1324 2270 πρόσθ’
1341 2218 1411 2267 ἁμὲ
1432 2217 1638 2256 διολέσαντ’
1653 2218 1728 2269 ἔχει
1742 2216 1773 2256 ³.

587 2340 882 2390 Intellegebant
902 2352 1046 2379 omnes
1067 2353 1172 2392 quae
1191 2341 1436 2392 pronomine
1458 2342 1601 2389 ἄλλως
1623 2345 1933 2380 monstraretur.
1959 2341 2030 2380 Illa
2050 2352 2144 2379 vero

536 2406 736 2456 queritur,
760 2406 872 2456 quod
892 2405 1123 2444 diutissime
1145 2406 1290 2444 Aulide
1311 2411 1424 2457 pater
1445 2406 1699 2445 remanserit.
1723 2406 1799 2444 Cui
1820 2405 1887 2444 ille
1905 2419 1913 2444 :

841 2518 908 2557 Καὶ
930 2523 990 2557 νῦν
1010 2521 1055 2570 γε’
1077 2519 1218 2571 μ’ἵσχει
1241 2520 1284 2568 δή
1306 2534 1338 2558 τε
1362 2520 1413 2569 μὴ
1436 2520 1605 2559 στέλλειν
1630 2522 1783 2571 στρατόν
1798 2520 1828 2557 5.

590 2637 634 2674 ln
665 2636 851 2674 enclitica
880 2651 913 2675 τι
949 2637 1031 2674 vim
1062 2641 1188 2674 totam
1219 2637 1391 2675 trimetri
1422 2637 1573 2688 posuit,
1606 2649 1732 2688 quam
1761 2636 2030 2688 explanemus
2063 2648 2146 2675 non

539 2713 701 2739 necesse
738 2705 810 2738 est.
850 2700 1005 2739 Deinde
1042 2700 1190 2745 Paridi,
1224 2701 1373 2739 Priami
1411 2701 1510 2747 filio,
1542 2701 1770 2746 maledicit;
1810 2701 1879 2739 sed
1917 2713 2014 2739 cum
2049 2712 2147 2739 eum

540 2765 623 2803 tilia
670 2765 945 2814 interrogavit,
986 2778 1087 2803 num
1131 2766 1202 2803 diu
1251 2766 1302 2803 sit
1346 2766 1482 2804 adhuc
1528 2766 1696 2805 militiae
1743 2779 1867 2805 causa
1909 2766 2144 2812 absuturus,

592 2925 616 2944 ι.
644 2913 745 2952 lphiq.
765 2913 793 2942 ἱιι
811 2914 896 2951 Aul„
916 2913 985 2942 053.

590 2971 617 2990 ρ.
644 2960 774 2998 widem,
792 2959 862 2996 654.

591 3009 620 3037 3.
646 3008 725 3038 Nam
743 3008 778 3038 τὸ
795 3012 888 3048 σιγᾶν
904 3004 941 3039 οὐ
958 3007 1069 3043 ohim.
1088 3008 1179 3046 quod
1196 3017 1331 3038 aversus
1349 3017 1367 3039 a
1384 3009 1454 3039 filia
1470 3009 1562 3040 dicit.

590 3057 616 3089 ά.
643 3054 745 3094 ΙρΙιίςΙ.
767 3055 794 3083 in
813 3055 898 3093 Aul„
916 3055 987 3094 659.

587 3103 615 3132 5.
642 3101 768 3137 Ibidem,
787 3101 856 3131 601.
