2394 3660
564 174 610 213 32
887 185 938 210 DE
967 184 1141 211 TRAGICA
1170 183 1444 210 AMBIGUITATE
1475 182 1581 210 APUD
1610 177 1846 210 E‘UMPIDEM.

619 274 808 317 Versum,
827 284 910 323 quo
930 272 1113 310 diverbio
1134 271 1228 309 finis
1252 271 1494 322 imponitur,
1514 282 1636 310 nemo
1657 282 1741 309 non
1760 271 1870 309 videt
1888 270 1940 310 ad
1955 282 2173 321 personam

569 344 748 391 spectare
777 349 882 388 quae
919 337 1047 383 adest,
1085 336 1187 374 dum
1227 335 1269 373 in
1304 336 1448 374 eodem
1482 336 1663 374 absentis
1697 335 1884 374 mulieris
1921 335 2173 374 mentionem

568 402 652 440 lieri
681 401 752 439 lon
780 400 882 437 salso
907 398 1142 436 arbitratur.

619 466 674 504 Ea
701 469 761 502 est
789 464 1019 516 στεχεμωθία,
1048 474 1131 512 qua
1159 462 1416 501 subtiliorem
1445 463 1603 501 nullam
1631 462 1744 513 apud
1771 462 1947 512 tragicos
1974 461 2171 501 invenias.

569 532 673 567 (jum
713 532 967 578 praesentem
1005 531 1136 565 mater
1174 532 1334 572 natum,
1376 533 1495 566 natus
1530 532 1705 565 matrem
1739 531 1992 577 quaererent,
2023 526 2174 576 placuit

572 592 770 643 Euripidi,
804 603 886 629 non
917 590 1110 628 incallido
1138 596 1294 641 poetae,
1328 603 1559 629 sermonem
1591 591 1638 629 iis
1668 590 1993 634 accommodare,
2023 589 2094 640 qui
2126 589 2177 627 ad

571 670 705 695 rerum
744 655 1046 700 condicionem,
1085 669 1212 706 quam
1249 656 1508 706 ignorabant,
1545 657 1717 700 deceret,
1755 655 1868 694 haud
1907 667 2024 693 secus
2061 666 2108 692 ac
2145 654 2179 692 si

568 735 656 761 eam
686 722 804 772 plane
831 720 1121 770 cognovissent
1136 720 1163 758 ¹.

632 788 737 824 Cum
766 797 886 824 scena
913 786 1037 824 finem
1065 786 1245 836 attingit,
1273 787 1518 838 priusquam
1542 787 1584 825 in
1610 786 1797 825 medium
1823 785 1983 824 incedat
2007 784 2178 828 xuthos,

571 865 672 890 uxor
697 851 1002 889 adulescentem
1030 855 1159 900 rogat,
1193 863 1256 894 ne,
1286 852 1398 902 quod
1428 852 1587 896 dixerit,
1619 852 1705 890 viro
1735 851 1978 906 committat.
2003 850 2040 888 ls
2069 850 2180 888 enim

572 917 731 967 ignorat
751 927 920 954 uxorem
941 928 962 953 a
985 928 1026 953 se
1045 915 1215 954 ductam
1245 916 1328 954 rim
1357 917 1568 967 quondam
1596 917 1799 967 Apollinis
1827 916 1981 955 tulisse.
2011 915 2182 953 Creden-

568 981 671 1019 dum
697 985 754 1019 est
782 992 877 1030 ergo
904 992 924 1017 e
950 980 1151 1025 xersibus,

938 1079 987 1120 Ω
1007 1084 1137 1121 πέτνια
1158 1083 1321 1122 <Delfica
1316 1086 1389 1132 μὴτ
1378 1098 1446 1136 .;;,
1471 1099 1500 1122 ;.
1520 1084 1592 1136 γὰρ
1616 1098 1649 1122 α’.
1642 1083 1743 1130 σίως

938 1147 982 1185 ἕ)
987 1148 1091 1196 esa-122
1093 1161 1124 1197 2,
1148 1149 1170 1185 ἅ
1190 1162 1228 1186 τε
1214 1161 1320 1197 νῳ)
1344 1148 1523 1197 συυέέὶα.
1530 1162 1551 1186 2
1570 1146 1763 1201 πρόσθε)
1745 1145 1789 1196 τ’,ν

937 1211 974 1258 ἐς
994 1226 1059 1250 παι
1060 1212 1111 1250 δα
1129 1226 1190 1250 τον
1212 1213 1288 1261 σέ),
1313 1214 1509 1262 μεταπέπι
1528 1212 1569 1262 βΩ
1555 1212 1745 1255 ..k-1:22²,

570 1355 663 1380 vum
708 1340 996 1379 tantununodo
1032 1340 1266 1379 trimetrum
1306 1341 1506 1391 primum,
1547 1341 1851 1391 dimidiamque
1894 1340 2063 1379 secundi
2099 1353 2186 1392 par·

570 1412 650 1445 tem
671 1406 876 1449 exaudire,
899 1406 1001 1443 dum
1018 1405 1131 1456 quod
1146 1405 1354 1456 sequitur:
1380 1409 1401 1445 ἅ
1416 1422 1455 1446 τε
1470 1411 1589 1458 νῷν...
1607 1407 1760 1445 Creusa
1772 1417 1912 1444 secum
1930 1405 2183 1456 pronuntiat.

568 1472 670 1510 Nam
687 1471 800 1522 quod
820 1484 886 1510 rex
907 1471 1127 1522 respondet
1146 1483 1153 1508 ε
1178 1472 1277 1511 ἔσται
1298 1471 1434 1511 τάδε...
1466 1471 1756 1510 tantummodo
1782 1470 1833 1509 ad
1854 1470 1992 1509 uxoris
2011 1475 2155 1509 votum
2176 1483 2182 1508 :

567 1537 597 1576 εἰ
617 1538 688 1589 γὰρ
711 1537 838 1584 αἰσίως
860 1537 1029 1586 ἔλθωμεν
1046 1536 1307 1574 referendum
1328 1540 1400 1574 est.
1427 1536 1473 1574 In
1494 1536 1558 1574 his
1575 1536 1702 1585 igitur
1720 1535 1835 1579 locis,
1861 1535 1893 1573 si
1915 1535 2048 1585 magis
2074 1539 2188 1573 natu-

570 1614 653 1638 ram
676 1605 793 1651 poeta
813 1605 1112 1652 assequeretur,
1132 1600 1371 1639 mirandum
1398 1605 1502 1639 esset
1530 1600 1718 1639 Xuthum
1740 1600 1866 1638 finem
1878 1612 2073 1638 versuum
2103 1611 2186 1638 non

567 1666 810 1708 desiderare,
840 1678 944 1716 quos
972 1666 1231 1716 imperfectos
1258 1679 1361 1704 uxor
1389 1666 1633 1716 reliquisset.

622 1731 822 1781 ,Neglectis
857 1730 1054 1769 omnibus
1094 1743 1117 1769 a
1156 1731 1366 1782 proposita
1406 1731 1564 1769 ratione
1598 1730 1784 1774 diversis,
1826 1730 2058 1769 secundum
2097 1731 2190 1770 ἐπει-

569 1797 687 1836 seem
738 1796 905 1846 aggredi
952 1801 1126 1847 oportet,
1180 1809 1336 1835 novum
1387 1797 1627 1849 cumi-affin
1677 1797 1913 1847 exemplum
1955 1796 2185 1834 continens.

571 1860 691 1908 Quod
734 1873 831 1898 cum
873 1873 894 1898 e
936 1861 1181 1899 tet1ametris
1223 1860 1440 1899 trochaicis
1483 1865 1655 1904 constet,
1693 1865 1806 1899 actor
1838 1865 2013 1910 uterque
2052 1859 2190 1910 singil-

573 1925 686 1963 latim
726 1938 889 1964 rersum
925 1925 1022 1969 edit,
1064 1926 1212 1964 deinde
1258 1938 1369 1964 unus
1417 1938 1559 1969 unam,
1608 1926 1777 1964 alteram
1821 1925 1922 1964 alter
1968 1925 2190 1964 tetrametri

569 1995 741 2041 partem.
780 1990 872 2029 Jam
912 1996 1050 2029 censet
1078 1991 1238 2030 xuthos
1272 1992 1407 2030 filium
1437 2003 1525 2030 esse
1559 2003 1683 2029 suum
1714 1991 1869 2034 Ionem,
1901 2002 1984 2028 rem
2019 1989 2187 2040 quidem

572 2068 654 2093 non
694 2056 798 2094 nihil
837 2056 1070 2095 mirantem.
1113 2057 1253 2107 ltaque
1292 2070 1312 2095 e
1350 2061 1463 2108 patre
1505 2056 1688 2107 requirit.
1729 2055 1942 2106 quomodo
1981 2055 2102 2094 fuerit
2138 2054 2190 2093 ab

571 2134 619 2158 eo
648 2121 825 2171 genitus.
860 2122 935 2159 Cui
965 2122 1152 2160 Xuthos:

1036 2229 1045 2241 ἢ
1116 2227 1173 2242 ΤΚ,
1220 2229 1229 2240 Ί
1314 2233 1319 2241 1
1399 2230 1428 2243 Κῖ
1469 2230 1477 2241 3
1536 2231 1543 2241 Χ
1647 2233 1653 2241 t
1691 2230 1703 2240 ’Β

947 2244 1076 2269 ....ευγ.
1096 2242 1152 2269 ,τεο
1176 2259 1186 2278 ,
1211 2245 1378 2283 ανκφερω
1399 2244 1416 2269 0
1447 2245 1499 2278 εις
1514 2245 1574 2269 τεν
1596 2231 1720 2270 θεενῡ.

631 2358 811 2396 Verbum
833 2362 971 2397 autem
995 2359 1183 2412 ἀναφέρειν
1207 2359 1269 2397 vix
1296 2372 1401 2411 opus
1431 2365 1491 2398 est
1516 2360 1651 2399 dicere
1681 2361 1722 2398 in
1752 2371 1799 2398 eo
1830 2360 1918 2398 loco
1948 2359 2190 2409 scriptorem

579 2423 752 2461 oonsilio
773 2423 973 2473 posuisse.

632 2489 759 2537 Rogat
778 2489 928 2527 deinde
948 2490 1123 2528 Creusae
1144 2490 1294 2540 conjux
1315 2495 1360 2529 ut
1391 2503 1486 2529 eum
1517 2491 1758 2529 adulescens
1781 2495 1939 2541 patrem
1972 2493 2189 2539 agnoscat;

632 2648 655 2666 ι.
684 2638 864 2675 Postquam
893 2638 986 2667 ctiori
1017 2638 1174 2677 princeps
1206 2640 1391 2669 nonnullos
1423 2640 1592 2669 trimetros
1619 2640 1736 2671 edidit
1765 2641 1871 2669 mater
1896 2648 2008 2669 corani
2038 2640 2115 2669 nato
2139 2638 2193 2668 his

579 2685 716 2714 xoeibus
733 2686 927 2723 Apollinem
945 2687 1145 2724 compellat:

1050 2730 1074 2764 ὦ
1091 2735 1202 2768 ψοῑὸε,
1221 2730 1301 2766 ziz-143
1303 2740 1314 2765 ῖ
1330 2731 1462 2766 adr-«0026
1480 2746 1517 2766 oa
1534 2734 1656 2769 δίκαιος
1673 2733 1697 2765 εἷ

1050 2777 1090 2816 εἷς
1106 2777 1161 2819 τὴν
1180 2777 1340 2815 ἀποῦσαν,
1358 2777 1394 2821 ἧς
1411 2781 1556 2823 πάρεισιν
1573 2781 1601 2812 οἱ
1617 2780 1719 2822 ὶόγοι.

619 2835 795 2864 Contraria
813 2835 989 2864 contrariis
1007 2835 1111 2863 nimis
1128 2837 1223 2864 acute
1240 2837 1435 2873 opponeret
1451 2835 1515 2864 nisi
1532 2835 1572 2864 de
1589 2835 1732 2864 muliere
1748 2843 1765 2864 a
1782 2835 1844 2864 deo
1857 2835 1971 2864 vitiata
1985 2834 2191 2872 loqueretur,

577 2890 664 2919 quae
695 2890 786 2910 nunc
814 2882 850 2911 in
884 2881 1011 2919 templo
1045 2882 1147 2914 adest,
1183 2890 1381 2920 quanquam
1409 2891 1482 2911 eam
1510 2882 1705 2912 adulescens
1732 2882 1846 2911 abesse
1880 2881 1996 2911 eredit.
2026 2881 2195 2919 Ambages

577 2937 653 2958 vero
682 2929 784 2966 paulo
812 2929 955 2958 inferius
982 2929 1097 2963 mittit,
1123 2931 1153 2958 et
1180 2938 1213 2958 se
1239 2930 1309 2967 ipsa
1335 2930 1424 2959 ltaud
1449 2929 1706 2959 dissimulanter
1729 2929 1905 2967 designat:
1929 2930 2021 2968 quod
2046 2929 2194 2960 cundem

581 2976 751 3013 praeterit.

635 3032 662 3051 n.
689 3022 898 3058 lon.,410--÷.

633 3071 660 3100 3.
682 3069 892 3106 Ιὸίάσιη,ἕ>43.
