<?xml version="1.0" encoding="UTF-8"?>
<!DOCTYPE html PUBLIC "-//W3C//DTD XHTML 1.0 Transitional//EN"
    "http://www.w3.org/TR/xhtml1/DTD/xhtml1-transitional.dtd">
<html xmlns="http://www.w3.org/1999/xhtml" xml:lang="en" lang="en">
 <head>
  <title>
</title>
<meta http-equiv="Content-Type" content="text/html;charset=utf-8" />
  <meta name='ocr-system' content='tesseract 3.04.00' />
  <meta name='ocr-capabilities' content='ocr_page ocr_carea ocr_par ocr_line ocrx_word'/>
</head>
<body>
  <div class='ocr_page' id='page_1' title='image "./detragicaambigui00masquoft_0046.png"; bbox 0 0 2394 3660; ppageno 0'>
   <div class='ocr_carea' id='block_1_1' title="bbox 505 180 1789 222">
    <p class='ocr_par' dir='ltr' id='par_1_1' title="bbox 505 180 1789 222">
     <span class='ocr_line' id='line_1_1' title="bbox 505 180 1789 222; baseline -0.002 0"><span class='ocrx_word' id='word_1_1' title='bbox 505 180 553 222; x_wconf 69' lang='lat'>42</span> <span class='ocrx_word' id='word_1_2' title='bbox 834 196 885 221; x_wconf 84' lang='lat' dir='ltr'>DE</span> <span class='ocrx_word' id='word_1_3' title='bbox 915 194 1087 221; x_wconf 72' lang='lat' dir='ltr'>TRAGICA</span> <span class='ocrx_word' id='word_1_4' title='bbox 1118 193 1391 219; x_wconf 67' lang='lat' dir='ltr'>AMBIGUITATE</span> <span class='ocrx_word' id='word_1_5' title='bbox 1421 193 1527 219; x_wconf 78' lang='lat' dir='ltr'><strong>APL&#39;D</strong></span> <span class='ocrx_word' id='word_1_6' title='bbox 1556 193 1789 220; x_wconf 71' lang='lat' dir='ltr'>EURleEM.</span> 
     </span>
    </p>
   </div>
   <div class='ocr_carea' id='block_1_2' title="bbox 505 280 2118 462">
    <p class='ocr_par' dir='ltr' id='par_1_2' title="bbox 505 280 2118 462">
     <span class='ocr_line' id='line_1_2' title="bbox 506 280 2118 332; baseline 0.001 -14"><span class='ocrx_word' id='word_1_7' title='bbox 506 280 775 320; x_wconf 83' lang='lat' dir='ltr'><strong>simulacrum</strong></span> <span class='ocrx_word' id='word_1_8' title='bbox 809 280 992 320; x_wconf 86' lang='lat' dir='ltr'>habeatis</span> <span class='ocrx_word' id='word_1_9' title='bbox 1025 292 1047 318; x_wconf 90' lang='lat' dir='ltr'>a</span> <span class='ocrx_word' id='word_1_10' title='bbox 1080 280 1159 318; x_wconf 91' lang='lat' dir='ltr'>diis</span> <span class='ocrx_word' id='word_1_11' title='bbox 1187 281 1479 319; x_wconf 85' lang='lat' dir='ltr'>immissum.»</span> <span class='ocrx_word' id='word_1_12' title='bbox 1505 280 1542 318; x_wconf 91' lang='lat' dir='ltr'>Is</span> <span class='ocrx_word' id='word_1_13' title='bbox 1570 292 1678 325; x_wconf 88' lang='lat' dir='ltr'>vero,</span> <span class='ocrx_word' id='word_1_14' title='bbox 1708 281 1780 331; x_wconf 89' lang='lat' dir='ltr'>qui</span> <span class='ocrx_word' id='word_1_15' title='bbox 1810 292 1893 319; x_wconf 92' lang='lat' dir='ltr'>non</span> <span class='ocrx_word' id='word_1_16' title='bbox 1921 280 2118 332; x_wconf 86' lang='lat' dir='ltr'>prospicit</span> 
     </span>
     <span class='ocr_line' id='line_1_3' title="bbox 505 345 2118 396; baseline 0.001 -13"><span class='ocrx_word' id='word_1_17' title='bbox 505 357 588 396; x_wconf 91' lang='lat' dir='ltr'>quo</span> <span class='ocrx_word' id='word_1_18' title='bbox 614 345 734 383; x_wconf 86' lang='lat' dir='ltr'>verba</span> <span class='ocrx_word' id='word_1_19' title='bbox 762 345 942 389; x_wconf 83' lang='lat' dir='ltr'>tendant,</span> <span class='ocrx_word' id='word_1_20' title='bbox 974 357 1124 395; x_wconf 85' lang='lat' dir='ltr'>parum</span> <span class='ocrx_word' id='word_1_21' title='bbox 1151 345 1308 384; x_wconf 90' lang='lat' dir='ltr'>urbane</span> <span class='ocrx_word' id='word_1_22' title='bbox 1339 357 1429 384; x_wconf 89' lang='lat' dir='ltr'>eam</span> <span class='ocrx_word' id='word_1_23' title='bbox 1451 345 1570 395; x_wconf 90' lang='lat' dir='ltr'>jubet</span> <span class='ocrx_word' id='word_1_24' title='bbox 1599 345 1649 383; x_wconf 90' lang='lat' dir='ltr'>de</span> <span class='ocrx_word' id='word_1_25' title='bbox 1679 345 1755 383; x_wconf 87' lang='lat' dir='ltr'>ista</span> <span class='ocrx_word' id='word_1_26' title='bbox 1783 345 1915 384; x_wconf 87' lang='lat' dir='ltr'>invisa</span> <span class='ocrx_word' id='word_1_27' title='bbox 1947 345 2118 384; x_wconf 87' lang='lat' dir='ltr'>muliere</span> 
     </span>
     <span class='ocr_line' id='line_1_4' title="bbox 505 410 858 462; baseline -0.006 -13"><span class='ocrx_word' id='word_1_28' title='bbox 505 410 619 462; x_wconf 92' lang='lat' dir='ltr'>loqui</span> <span class='ocrx_word' id='word_1_29' title='bbox 647 410 831 449; x_wconf 86' lang='lat' dir='ltr'><strong>desinere</strong></span> <span class='ocrx_word' id='word_1_30' title='bbox 851 423 858 447; x_wconf 80' lang='lat' dir='ltr'><em>z</em></span> 
     </span>
    </p>
   </div>
   <div class='ocr_carea' id='block_1_3' title="bbox 899 496 1722 550">
    <p class='ocr_par' dir='ltr' id='par_1_3' title="bbox 899 496 1722 550">
     <span class='ocr_line' id='line_1_5' title="bbox 899 496 1722 550; baseline 0.001 -13"><span class='ocrx_word' id='word_1_31' title='bbox 899 496 1046 538; x_wconf 75' lang='grc' dir='ltr'>’Άλλου</span> <span class='ocrx_word' id='word_1_32' title='bbox 1066 499 1180 548; x_wconf 77' lang='grc' dir='ltr'>λόγου</span> <span class='ocrx_word' id='word_1_33' title='bbox 1202 501 1384 549; x_wconf 77' lang='grc' dir='ltr'>μέμνησο,</span> <span class='ocrx_word' id='word_1_34' title='bbox 1409 500 1460 550; x_wconf 86' lang='grc' dir='ltr'>μὴ</span> <span class='ocrx_word' id='word_1_35' title='bbox 1480 499 1607 548; x_wconf 68' lang='grc' dir='ltr'>κείνης</span> <span class='ocrx_word' id='word_1_36' title='bbox 1626 499 1678 538; x_wconf 79' lang='grc' dir='ltr'>ἔτ’.</span> <span class='ocrx_word' id='word_1_37' title='bbox 1694 504 1722 538; x_wconf 88' lang='lat'>¹.</span> 
     </span>
    </p>
   </div>
   <div class='ocr_carea' id='block_1_4' title="bbox 504 606 2120 990">
    <p class='ocr_par' dir='ltr' id='par_1_4' title="bbox 504 606 2120 990">
     <span class='ocr_line' id='line_1_6' title="bbox 559 606 2120 667; baseline 0.001 -15"><span class='ocrx_word' id='word_1_38' title='bbox 559 616 671 653; x_wconf 91' lang='lat' dir='ltr'>Duos</span> <span class='ocrx_word' id='word_1_39' title='bbox 700 626 841 653; x_wconf 88' lang='lat' dir='ltr'>versus</span> <span class='ocrx_word' id='word_1_40' title='bbox 868 614 1153 666; x_wconf 89' lang='lat' dir='ltr'>praeterimus,</span> <span class='ocrx_word' id='word_1_41' title='bbox 1183 627 1288 666; x_wconf 90' lang='lat' dir='ltr'>quos</span> <span class='ocrx_word' id='word_1_42' title='bbox 1311 606 1404 667; x_wconf 81' lang='lat' dir='ltr'>jure</span> <span class='ocrx_word' id='word_1_43' title='bbox 1429 615 1493 654; x_wconf 86' lang='lat' dir='ltr'>W.</span> <span class='ocrx_word' id='word_1_44' title='bbox 1526 615 1777 655; x_wconf 86' lang='lat' dir='ltr'>Ribbeckius</span> <span class='ocrx_word' id='word_1_45' title='bbox 1803 615 1892 654; x_wconf 89' lang='lat' dir='ltr'>etl.</span> <span class='ocrx_word' id='word_1_46' title='bbox 1916 615 2120 654; x_wconf 83' lang='lat' dir='ltr'>Czwalina</span> 
     </span>
     <span class='ocr_line' id='line_1_7' title="bbox 505 679 2119 719; baseline -0.001 -1"><span class='ocrx_word' id='word_1_47' title='bbox 505 680 817 718; x_wconf 87' lang='lat' dir='ltr'>damnaverunt.</span> <span class='ocrx_word' id='word_1_48' title='bbox 838 679 955 718; x_wconf 89' lang='lat' dir='ltr'>Tunc</span> <span class='ocrx_word' id='word_1_49' title='bbox 975 679 1128 718; x_wconf 89' lang='lat' dir='ltr'>Helena</span> <span class='ocrx_word' id='word_1_50' title='bbox 1150 680 1380 719; x_wconf 84' lang='lat' dir='ltr'>sciscitatur</span> <span class='ocrx_word' id='word_1_51' title='bbox 1401 693 1503 719; x_wconf 88' lang='lat' dir='ltr'>num</span> <span class='ocrx_word' id='word_1_52' title='bbox 1520 681 1634 719; x_wconf 89' lang='lat' dir='ltr'>domi</span> <span class='ocrx_word' id='word_1_53' title='bbox 1654 692 1752 719; x_wconf 91' lang='lat' dir='ltr'>cum</span> <span class='ocrx_word' id='word_1_54' title='bbox 1768 692 1894 718; x_wconf 84' lang='lat' dir='ltr'>uxore</span> <span class='ocrx_word' id='word_1_55' title='bbox 1909 680 2119 719; x_wconf 80' lang='lat' dir='ltr'><strong>Menelaus</strong></span> 
     </span>
     <span class='ocr_line' id='line_1_8' title="bbox 505 744 2120 797; baseline 0.001 -16"><span class='ocrx_word' id='word_1_56' title='bbox 505 745 568 783; x_wconf 82' lang='lat' dir='ltr'>sit.</span> <span class='ocrx_word' id='word_1_57' title='bbox 606 745 831 794; x_wconf 89' lang='lat' dir='ltr'>Postquam</span> <span class='ocrx_word' id='word_1_58' title='bbox 867 744 1011 783; x_wconf 86' lang='lat' dir='ltr'>didicit</span> <span class='ocrx_word' id='word_1_59' title='bbox 1045 757 1141 784; x_wconf 91' lang='lat' dir='ltr'>eum</span> <span class='ocrx_word' id='word_1_60' title='bbox 1175 757 1308 797; x_wconf 88' lang='lat' dir='ltr'>neque</span> <span class='ocrx_word' id='word_1_61' title='bbox 1341 746 1460 796; x_wconf 81' lang='lat' dir='ltr'>Argis</span> <span class='ocrx_word' id='word_1_62' title='bbox 1495 746 1660 790; x_wconf 73' lang='lat' dir='ltr'>versari,</span> <span class='ocrx_word' id='word_1_63' title='bbox 1697 758 1830 796; x_wconf 90' lang='lat' dir='ltr'>neque</span> <span class='ocrx_word' id='word_1_64' title='bbox 1864 745 1915 783; x_wconf 88' lang='lat' dir='ltr'>ad</span> <span class='ocrx_word' id='word_1_65' title='bbox 1945 744 2120 784; x_wconf 82' lang='lat' dir='ltr'><strong>Eurotae</strong></span> 
     </span>
     <span class='ocr_line' id='line_1_9' title="bbox 504 809 2119 862; baseline 0 -15"><span class='ocrx_word' id='word_1_66' title='bbox 504 810 623 860; x_wconf 85' lang='lat' dir='ltr'>ripas,</span> <span class='ocrx_word' id='word_1_67' title='bbox 648 809 870 847; x_wconf 89' lang='lat' dir='ltr'>sententiae</span> <span class='ocrx_word' id='word_1_68' title='bbox 897 810 1266 849; x_wconf 65' lang='lat' dir='ltr'>conformationem</span> <span class='ocrx_word' id='word_1_69' title='bbox 1293 823 1514 862; x_wconf 88' lang='lat' dir='ltr'>usurpans,</span> <span class='ocrx_word' id='word_1_70' title='bbox 1545 811 1665 861; x_wconf 91' lang='lat' dir='ltr'>cujus</span> <span class='ocrx_word' id='word_1_71' title='bbox 1691 810 1803 862; x_wconf 90' lang='lat' dir='ltr'>apud</span> <span class='ocrx_word' id='word_1_72' title='bbox 1831 811 2006 860; x_wconf 83' lang='lat' dir='ltr'>tragicos</span> <span class='ocrx_word' id='word_1_73' title='bbox 2036 814 2119 848; x_wconf 86' lang='lat' dir='ltr'>tam</span> 
     </span>
     <span class='ocr_line' id='line_1_10' title="bbox 504 875 2120 927; baseline 0.001 -15"><span class='ocrx_word' id='word_1_74' title='bbox 504 875 634 913; x_wconf 90' lang='lat' dir='ltr'>multa</span> <span class='ocrx_word' id='word_1_75' title='bbox 661 875 846 925; x_wconf 82' lang='lat' dir='ltr'>exempla</span> <span class='ocrx_word' id='word_1_76' title='bbox 867 875 955 925; x_wconf 90' lang='lat' dir='ltr'>jam</span> <span class='ocrx_word' id='word_1_77' title='bbox 984 875 1220 913; x_wconf 77' lang='lat' dir='ltr'>invenimus</span> <span class='ocrx_word' id='word_1_78' title='bbox 1240 888 1247 912; x_wconf 94' lang='lat'>:</span> <span class='ocrx_word' id='word_1_79' title='bbox 1274 890 1292 912; x_wconf 84' lang='lat'>«</span> <span class='ocrx_word' id='word_1_80' title='bbox 1311 876 1392 914; x_wconf 66' lang='lat' dir='ltr'>Vae</span> <span class='ocrx_word' id='word_1_81' title='bbox 1412 876 1531 920; x_wconf 84' lang='lat' dir='ltr'>mihi,</span> <span class='ocrx_word' id='word_1_82' title='bbox 1554 876 1766 920; x_wconf 80' lang='lat' dir='ltr'>exclamat,</span> <span class='ocrx_word' id='word_1_83' title='bbox 1790 880 1989 927; x_wconf 87' lang='lat' dir='ltr'>quantam</span> <span class='ocrx_word' id='word_1_84' title='bbox 2016 875 2120 915; x_wconf 83' lang='lat' dir='ltr'>cala-</span> 
     </span>
     <span class='ocr_line' id='line_1_11' title="bbox 506 938 1631 990; baseline 0.001 -13"><span class='ocrx_word' id='word_1_85' title='bbox 506 938 691 977; x_wconf 83' lang='lat' dir='ltr'>mitatem</span> <span class='ocrx_word' id='word_1_86' title='bbox 712 939 909 983; x_wconf 83' lang='lat' dir='ltr'>indixisti,</span> <span class='ocrx_word' id='word_1_87' title='bbox 934 939 1089 990; x_wconf 90' lang='lat' dir='ltr'>quibus</span> <span class='ocrx_word' id='word_1_88' title='bbox 1110 951 1200 978; x_wconf 89' lang='lat' dir='ltr'>eam</span> <span class='ocrx_word' id='word_1_89' title='bbox 1222 939 1391 978; x_wconf 89' lang='lat' dir='ltr'>indicis!</span> <span class='ocrx_word' id='word_1_90' title='bbox 1413 956 1430 976; x_wconf 72' lang='lat' dir='ltr'><strong>n</strong></span> <span class='ocrx_word' id='word_1_91' title='bbox 1455 940 1604 980; x_wconf 87' lang='lat' dir='ltr'>Graece</span> <span class='ocrx_word' id='word_1_92' title='bbox 1623 954 1631 978; x_wconf 93' lang='lat'><strong>:</strong></span> 
     </span>
    </p>
   </div>
   <div class='ocr_carea' id='block_1_5' title="bbox 877 1037 1746 1093">
    <p class='ocr_par' dir='ltr' id='par_1_5' title="bbox 877 1037 1746 1093">
     <span class='ocr_line' id='line_1_12' title="bbox 877 1037 1746 1093; baseline 0 -14"><span class='ocrx_word' id='word_1_93' title='bbox 877 1040 967 1079; x_wconf 79' lang='grc' dir='ltr'>Αἰαῖ</span> <span class='ocrx_word' id='word_1_94' title='bbox 985 1052 993 1060; x_wconf 96' lang='grc'><em>·</em></span> <span class='ocrx_word' id='word_1_95' title='bbox 1017 1041 1130 1080; x_wconf 64' lang='grc' dir='ltr'>κακὸν</span> <span class='ocrx_word' id='word_1_96' title='bbox 1151 1041 1226 1081; x_wconf 73' lang='grc' dir='ltr'>τόδ’</span> <span class='ocrx_word' id='word_1_97' title='bbox 1240 1039 1347 1089; x_wconf 79' lang='grc' dir='ltr'>εἶπας</span> <span class='ocrx_word' id='word_1_98' title='bbox 1368 1037 1421 1089; x_wconf 72' lang='grc' dir='ltr'>οἷς</span> <span class='ocrx_word' id='word_1_99' title='bbox 1440 1042 1555 1081; x_wconf 59' lang='grc' dir='ltr'>κακὸν</span> <span class='ocrx_word' id='word_1_100' title='bbox 1577 1042 1746 1093; x_wconf 56' lang='grc' dir='ltr'>λέγειςῡ.</span> 
     </span>
    </p>
   </div>
   <div class='ocr_carea' id='block_1_6' title="bbox 501 1157 2121 1471">
    <p class='ocr_par' dir='ltr' id='par_1_6' title="bbox 503 1157 2121 1274">
     <span class='ocr_line' id='line_1_13' title="bbox 555 1157 2121 1210; baseline 0.001 -14"><span class='ocrx_word' id='word_1_101' title='bbox 555 1158 624 1196; x_wconf 89' lang='lat' dir='ltr'>Vir</span> <span class='ocrx_word' id='word_1_102' title='bbox 645 1157 830 1209; x_wconf 88' lang='lat' dir='ltr'>quidem,</span> <span class='ocrx_word' id='word_1_103' title='bbox 853 1169 1038 1208; x_wconf 90' lang='lat' dir='ltr'>quocum</span> <span class='ocrx_word' id='word_1_104' title='bbox 1064 1157 1298 1196; x_wconf 88' lang='lat' dir='ltr'>diverbium</span> <span class='ocrx_word' id='word_1_105' title='bbox 1323 1158 1422 1208; x_wconf 85' lang='lat' dir='ltr'>agit,</span> <span class='ocrx_word' id='word_1_106' title='bbox 1452 1169 1534 1196; x_wconf 91' lang='lat' dir='ltr'>non</span> <span class='ocrx_word' id='word_1_107' title='bbox 1563 1158 1759 1197; x_wconf 88' lang='lat' dir='ltr'>discernit</span> <span class='ocrx_word' id='word_1_108' title='bbox 1785 1170 1891 1209; x_wconf 91' lang='lat' dir='ltr'>quos</span> <span class='ocrx_word' id='word_1_109' title='bbox 1917 1159 1997 1197; x_wconf 90' lang='lat' dir='ltr'>hoc</span> <span class='ocrx_word' id='word_1_110' title='bbox 2026 1171 2121 1210; x_wconf 89' lang='lat' dir='ltr'>pro-</span> 
     </span>
     <span class='ocr_line' id='line_1_14' title="bbox 503 1221 1982 1274; baseline 0.001 -13"><span class='ocrx_word' id='word_1_111' title='bbox 503 1224 670 1261; x_wconf 89' lang='lat' dir='ltr'>nomine</span> <span class='ocrx_word' id='word_1_112' title='bbox 691 1221 748 1271; x_wconf 71' lang='grc' dir='ltr'>οἷς</span> <span class='ocrx_word' id='word_1_113' title='bbox 767 1223 1060 1273; x_wconf 86' lang='lat' dir='ltr'>designaverit;</span> <span class='ocrx_word' id='word_1_114' title='bbox 1085 1223 1385 1274; x_wconf 84' lang='lat' dir='ltr'>spectatoribus</span> <span class='ocrx_word' id='word_1_115' title='bbox 1405 1228 1546 1261; x_wconf 89' lang='lat' dir='ltr'>contra</span> <span class='ocrx_word' id='word_1_116' title='bbox 1567 1236 1629 1261; x_wconf 88' lang='lat' dir='ltr'>res</span> <span class='ocrx_word' id='word_1_117' title='bbox 1652 1236 1692 1262; x_wconf 92' lang='lat' dir='ltr'>se</span> <span class='ocrx_word' id='word_1_118' title='bbox 1713 1224 1828 1262; x_wconf 91' lang='lat' dir='ltr'>aliter</span> <span class='ocrx_word' id='word_1_119' title='bbox 1846 1223 1982 1263; x_wconf 88' lang='lat' dir='ltr'>habet.</span> 
     </span>
    </p>

    <p class='ocr_par' dir='ltr' id='par_1_7' title="bbox 501 1287 2120 1471">
     <span class='ocr_line' id='line_1_15' title="bbox 552 1287 2120 1339; baseline 0 -13"><span class='ocrx_word' id='word_1_120' title='bbox 552 1289 643 1326; x_wconf 88' lang='lat' dir='ltr'>Jam</span> <span class='ocrx_word' id='word_1_121' title='bbox 665 1287 716 1327; x_wconf 89' lang='lat' dir='ltr'>ad</span> <span class='ocrx_word' id='word_1_122' title='bbox 735 1289 921 1338; x_wconf 91' lang='lat' dir='ltr'>primum</span> <span class='ocrx_word' id='word_1_123' title='bbox 942 1289 1141 1328; x_wconf 72' lang='grc' dir='ltr'>ἐπεισόδιον</span> <span class='ocrx_word' id='word_1_124' title='bbox 1165 1288 1393 1326; x_wconf 81' lang='lat' dir='ltr'>veniamus.</span> <span class='ocrx_word' id='word_1_125' title='bbox 1414 1289 1638 1339; x_wconf 87' lang='lat' dir='ltr'>Postquam</span> <span class='ocrx_word' id='word_1_126' title='bbox 1659 1288 1882 1332; x_wconf 86' lang='lat' dir='ltr'>Menelaus,</span> <span class='ocrx_word' id='word_1_127' title='bbox 1905 1289 2120 1339; x_wconf 81' lang='lat' dir='ltr'>naufragio</span> 
     </span>
     <span class='ocr_line' id='line_1_16' title="bbox 501 1353 2115 1404; baseline 0.001 -13"><span class='ocrx_word' id='word_1_128' title='bbox 501 1354 621 1398; x_wconf 85' lang='lat' dir='ltr'>sacto,</span> <span class='ocrx_word' id='word_1_129' title='bbox 646 1354 848 1392; x_wconf 87' lang='lat' dir='ltr'>enarravit</span> <span class='ocrx_word' id='word_1_130' title='bbox 874 1353 1039 1404; x_wconf 90' lang='lat' dir='ltr'>quantis</span> <span class='ocrx_word' id='word_1_131' title='bbox 1067 1353 1371 1392; x_wconf 87' lang='lat' dir='ltr'>calamitatibus</span> <span class='ocrx_word' id='word_1_132' title='bbox 1401 1354 1686 1398; x_wconf 87' lang='lat' dir='ltr'>conficeretur,</span> <span class='ocrx_word' id='word_1_133' title='bbox 1714 1353 1751 1392; x_wconf 91' lang='lat' dir='ltr'>ei</span> <span class='ocrx_word' id='word_1_134' title='bbox 1777 1354 1823 1392; x_wconf 87' lang='lat' dir='ltr'>fit</span> <span class='ocrx_word' id='word_1_135' title='bbox 1849 1366 1954 1392; x_wconf 92' lang='lat' dir='ltr'>anus</span> <span class='ocrx_word' id='word_1_136' title='bbox 1981 1354 2115 1397; x_wconf 87' lang='lat' dir='ltr'>obvia,</span> 
     </span>
     <span class='ocr_line' id='line_1_17' title="bbox 501 1418 2044 1471; baseline 0 -14"><span class='ocrx_word' id='word_1_137' title='bbox 501 1430 627 1471; x_wconf 87' lang='lat' dir='ltr'>quam</span> <span class='ocrx_word' id='word_1_138' title='bbox 643 1418 763 1469; x_wconf 91' lang='lat' dir='ltr'>jubet</span> <span class='ocrx_word' id='word_1_139' title='bbox 782 1419 825 1457; x_wconf 93' lang='lat' dir='ltr'>in</span> <span class='ocrx_word' id='word_1_140' title='bbox 846 1419 968 1469; x_wconf 88' lang='lat' dir='ltr'>regiis</span> <span class='ocrx_word' id='word_1_141' title='bbox 989 1418 1175 1462; x_wconf 87' lang='lat' dir='ltr'>aedibus,</span> <span class='ocrx_word' id='word_1_142' title='bbox 1199 1419 1294 1470; x_wconf 88' lang='lat' dir='ltr'>quis</span> <span class='ocrx_word' id='word_1_143' title='bbox 1314 1419 1401 1469; x_wconf 90' lang='lat' dir='ltr'>ipse</span> <span class='ocrx_word' id='word_1_144' title='bbox 1423 1418 1486 1463; x_wconf 90' lang='lat' dir='ltr'>sit,</span> <span class='ocrx_word' id='word_1_145' title='bbox 1510 1419 1714 1458; x_wconf 87' lang='lat' dir='ltr'>nuntiare.</span> <span class='ocrx_word' id='word_1_146' title='bbox 1739 1419 1847 1457; x_wconf 91' lang='lat' dir='ltr'>Tum</span> <span class='ocrx_word' id='word_1_147' title='bbox 1867 1418 2044 1457; x_wconf 86' lang='lat' dir='ltr'>mulier:</span> 
     </span>
    </p>
   </div>
   <div class='ocr_carea' id='block_1_7' title="bbox 806 1521 1812 1579">
    <p class='ocr_par' dir='ltr' id='par_1_8' title="bbox 806 1521 1812 1579">
     <span class='ocr_line' id='line_1_18' title="bbox 806 1521 1812 1579; baseline 0.002 -15"><span class='ocrx_word' id='word_1_148' title='bbox 806 1526 963 1579; x_wconf 69' lang='grc' dir='ltr'>Πικρεῦς</span> <span class='ocrx_word' id='word_1_149' title='bbox 984 1529 1025 1566; x_wconf 80' lang='grc' dir='ltr'>ἂν</span> <span class='ocrx_word' id='word_1_150' title='bbox 1049 1521 1152 1576; x_wconf 71' lang='grc' dir='ltr'>οἶμαί</span> <span class='ocrx_word' id='word_1_151' title='bbox 1173 1529 1209 1577; x_wconf 76' lang='grc' dir='ltr'>γ’</span> <span class='ocrx_word' id='word_1_152' title='bbox 1225 1525 1404 1577; x_wconf 73' lang='grc' dir='ltr'>ἀγγελεῖν</span> <span class='ocrx_word' id='word_1_153' title='bbox 1426 1527 1510 1574; x_wconf 73' lang='grc' dir='ltr'>τοὺς</span> <span class='ocrx_word' id='word_1_154' title='bbox 1531 1527 1614 1574; x_wconf 66' lang='grc' dir='ltr'>σοὺς</span> <span class='ocrx_word' id='word_1_155' title='bbox 1634 1526 1812 1578; x_wconf 70' lang='grc' dir='ltr'><strong>λόγως3.</strong></span> 
     </span>
    </p>
   </div>
   <div class='ocr_carea' id='block_1_8' title="bbox 496 1637 2119 2339">
    <p class='ocr_par' dir='ltr' id='par_1_9' title="bbox 497 1637 2119 1950">
     <span class='ocr_line' id='line_1_19' title="bbox 500 1637 2119 1689; baseline 0 -13"><span class='ocrx_word' id='word_1_156' title='bbox 500 1638 614 1689; x_wconf 91' lang='lat' dir='ltr'>quod</span> <span class='ocrx_word' id='word_1_157' title='bbox 641 1638 836 1688; x_wconf 86' lang='lat' dir='ltr'>ambigue</span> <span class='ocrx_word' id='word_1_158' title='bbox 863 1638 1108 1689; x_wconf 89' lang='lat' dir='ltr'>imprudens</span> <span class='ocrx_word' id='word_1_159' title='bbox 1126 1638 1291 1689; x_wconf 83' lang='lat' dir='ltr'>profert.</span> <span class='ocrx_word' id='word_1_160' title='bbox 1316 1637 1420 1677; x_wconf 91' lang='lat' dir='ltr'>Nam</span> <span class='ocrx_word' id='word_1_161' title='bbox 1447 1650 1544 1677; x_wconf 91' lang='lat' dir='ltr'>cum</span> <span class='ocrx_word' id='word_1_162' title='bbox 1571 1638 1761 1682; x_wconf 86' lang='lat' dir='ltr'>affirmat,</span> <span class='ocrx_word' id='word_1_163' title='bbox 1784 1637 1910 1676; x_wconf 90' lang='lat' dir='ltr'>modo</span> <span class='ocrx_word' id='word_1_164' title='bbox 1941 1638 1974 1676; x_wconf 92' lang='lat' dir='ltr'>si</span> <span class='ocrx_word' id='word_1_165' title='bbox 2002 1649 2119 1676; x_wconf 88' lang='lat' dir='ltr'>man-</span> 
     </span>
     <span class='ocr_line' id='line_1_20' title="bbox 498 1702 2118 1754; baseline 0 -13"><span class='ocrx_word' id='word_1_166' title='bbox 498 1703 594 1742; x_wconf 92' lang='lat' dir='ltr'>dato</span> <span class='ocrx_word' id='word_1_167' title='bbox 625 1703 820 1754; x_wconf 89' lang='lat' dir='ltr'>paruerit,</span> <span class='ocrx_word' id='word_1_168' title='bbox 858 1703 1091 1742; x_wconf 83' lang='lat' dir='ltr'>Menelaum</span> <span class='ocrx_word' id='word_1_169' title='bbox 1125 1703 1317 1741; x_wconf 81' lang='lat' dir='ltr'>maximis</span> <span class='ocrx_word' id='word_1_170' title='bbox 1350 1703 1470 1742; x_wconf 90' lang='lat' dir='ltr'>malis</span> <span class='ocrx_word' id='word_1_171' title='bbox 1504 1703 1699 1742; x_wconf 82' lang='lat' dir='ltr'>affectum</span> <span class='ocrx_word' id='word_1_172' title='bbox 1736 1703 1800 1750; x_wconf 89' lang='lat' dir='ltr'>iri,</span> <span class='ocrx_word' id='word_1_173' title='bbox 1838 1703 1923 1741; x_wconf 81' lang='lat' dir='ltr'>vim</span> <span class='ocrx_word' id='word_1_174' title='bbox 1961 1702 2118 1742; x_wconf 91' lang='lat' dir='ltr'>eisdem</span> 
     </span>
     <span class='ocr_line' id='line_1_21' title="bbox 497 1767 2119 1820; baseline 0 -14"><span class='ocrx_word' id='word_1_175' title='bbox 497 1768 645 1812; x_wconf 82' lang='lat' dir='ltr'>verbis,</span> <span class='ocrx_word' id='word_1_176' title='bbox 668 1768 790 1818; x_wconf 84' lang='lat' dir='ltr'>longe</span> <span class='ocrx_word' id='word_1_177' title='bbox 811 1768 980 1819; x_wconf 90' lang='lat' dir='ltr'>quidem</span> <span class='ocrx_word' id='word_1_178' title='bbox 1007 1768 1226 1813; x_wconf 88' lang='lat' dir='ltr'>diversam,</span> <span class='ocrx_word' id='word_1_179' title='bbox 1251 1768 1453 1819; x_wconf 89' lang='lat' dir='ltr'>subjicere</span> <span class='ocrx_word' id='word_1_180' title='bbox 1478 1780 1719 1820; x_wconf 85' lang='lat' dir='ltr'>possumus,</span> <span class='ocrx_word' id='word_1_181' title='bbox 1744 1780 1841 1806; x_wconf 89' lang='lat' dir='ltr'>cum</span> <span class='ocrx_word' id='word_1_182' title='bbox 1869 1768 1976 1818; x_wconf 85' lang='lat' dir='ltr'>regis</span> <span class='ocrx_word' id='word_1_183' title='bbox 2002 1767 2119 1806; x_wconf 89' lang='lat' dir='ltr'>Hele-</span> 
     </span>
     <span class='ocr_line' id='line_1_22' title="bbox 498 1833 2116 1884; baseline 0 -13"><span class='ocrx_word' id='word_1_184' title='bbox 498 1845 594 1872; x_wconf 89' lang='lat' dir='ltr'>nam</span> <span class='ocrx_word' id='word_1_185' title='bbox 624 1833 799 1884; x_wconf 91' lang='lat' dir='ltr'>petentis</span> <span class='ocrx_word' id='word_1_186' title='bbox 828 1833 1013 1877; x_wconf 88' lang='lat' dir='ltr'>consilia,</span> <span class='ocrx_word' id='word_1_187' title='bbox 1044 1833 1131 1871; x_wconf 85' lang='lat' dir='ltr'>viro</span> <span class='ocrx_word' id='word_1_188' title='bbox 1160 1833 1467 1878; x_wconf 87' lang='lat' dir='ltr'>interveniente,</span> <span class='ocrx_word' id='word_1_189' title='bbox 1499 1833 1612 1872; x_wconf 90' lang='lat' dir='ltr'>haud</span> <span class='ocrx_word' id='word_1_190' title='bbox 1648 1845 1841 1884; x_wconf 89' lang='lat' dir='ltr'>prospere</span> <span class='ocrx_word' id='word_1_191' title='bbox 1875 1844 2116 1871; x_wconf 85' lang='lat' dir='ltr'>successura</span> 
     </span>
     <span class='ocr_line' id='line_1_23' title="bbox 499 1899 824 1950; baseline 0 -14"><span class='ocrx_word' id='word_1_192' title='bbox 499 1899 824 1950; x_wconf 86' lang='lat' dir='ltr'>praevideamus.</span> 
     </span>
    </p>

    <p class='ocr_par' dir='ltr' id='par_1_10' title="bbox 496 1963 2117 2339">
     <span class='ocr_line' id='line_1_24' title="bbox 550 1963 2116 2016; baseline -0.001 -14"><span class='ocrx_word' id='word_1_193' title='bbox 550 1964 772 2015; x_wconf 89' lang='lat' dir='ltr'>Postquam</span> <span class='ocrx_word' id='word_1_194' title='bbox 804 1964 954 2002; x_wconf 88' lang='lat' dir='ltr'>chorus</span> <span class='ocrx_word' id='word_1_195' title='bbox 976 1964 1017 2001; x_wconf 91' lang='lat' dir='ltr'>in</span> <span class='ocrx_word' id='word_1_196' title='bbox 1037 1963 1173 2014; x_wconf 89' lang='lat' dir='ltr'>primo</span> <span class='ocrx_word' id='word_1_197' title='bbox 1195 1966 1360 2016; x_wconf 66' lang='grc' dir='ltr'>στασίμῳ</span> <span class='ocrx_word' id='word_1_198' title='bbox 1387 1964 1611 2014; x_wconf 87' lang='lat' dir='ltr'>Trojanum</span> <span class='ocrx_word' id='word_1_199' title='bbox 1634 1964 1791 2002; x_wconf 89' lang='lat' dir='ltr'>bellum</span> <span class='ocrx_word' id='word_1_200' title='bbox 1812 1968 1850 2001; x_wconf 89' lang='lat' dir='ltr'>et</span> <span class='ocrx_word' id='word_1_201' title='bbox 1871 1963 2116 2014; x_wconf 83' lang='lat' dir='ltr'>Tyndaridis</span> 
     </span>
     <span class='ocr_line' id='line_1_25' title="bbox 496 2028 2112 2080; baseline -0.001 -13"><span class='ocrx_word' id='word_1_202' title='bbox 496 2029 747 2067; x_wconf 89' lang='lat' dir='ltr'>immeritam</span> <span class='ocrx_word' id='word_1_203' title='bbox 785 2029 1001 2067; x_wconf 87' lang='lat' dir='ltr'>infamiam</span> <span class='ocrx_word' id='word_1_204' title='bbox 1039 2033 1163 2067; x_wconf 88' lang='lat' dir='ltr'>cantu</span> <span class='ocrx_word' id='word_1_205' title='bbox 1201 2034 1444 2080; x_wconf 88' lang='lat' dir='ltr'>prosecutus</span> <span class='ocrx_word' id='word_1_206' title='bbox 1483 2034 1556 2073; x_wconf 88' lang='lat' dir='ltr'>est,</span> <span class='ocrx_word' id='word_1_207' title='bbox 1590 2029 1694 2067; x_wconf 91' lang='lat' dir='ltr'>redit</span> <span class='ocrx_word' id='word_1_208' title='bbox 1726 2040 1795 2068; x_wconf 88' lang='lat' dir='ltr'>rex</span> <span class='ocrx_word' id='word_1_209' title='bbox 1829 2040 1851 2067; x_wconf 88' lang='lat' dir='ltr'>a</span> <span class='ocrx_word' id='word_1_210' title='bbox 1884 2028 2112 2068; x_wconf 88' lang='lat' dir='ltr'>venatione.</span> 
     </span>
     <span class='ocr_line' id='line_1_26' title="bbox 497 2093 2115 2145; baseline 0.001 -14"><span class='ocrx_word' id='word_1_211' title='bbox 497 2094 633 2132; x_wconf 90' lang='lat' dir='ltr'>Primo</span> <span class='ocrx_word' id='word_1_212' title='bbox 682 2094 879 2132; x_wconf 84' lang='lat' dir='ltr'>Helenam</span> <span class='ocrx_word' id='word_1_213' title='bbox 929 2093 1140 2143; x_wconf 85' lang='lat' dir='ltr'>aufugisse</span> <span class='ocrx_word' id='word_1_214' title='bbox 1188 2093 1422 2135; x_wconf 86' lang='lat' dir='ltr'>arbitratur.</span> <span class='ocrx_word' id='word_1_215' title='bbox 1471 2105 1568 2132; x_wconf 91' lang='lat' dir='ltr'>cum</span> <span class='ocrx_word' id='word_1_216' title='bbox 1611 2098 1832 2145; x_wconf 90' lang='lat' dir='ltr'>paternum</span> <span class='ocrx_word' id='word_1_217' title='bbox 1878 2094 2115 2144; x_wconf 91' lang='lat' dir='ltr'>sepulcrum</span> 
     </span>
     <span class='ocr_line' id='line_1_27' title="bbox 496 2158 2117 2210; baseline -0.001 -13"><span class='ocrx_word' id='word_1_218' title='bbox 496 2158 705 2197; x_wconf 90' lang='lat' dir='ltr'>desertum</span> <span class='ocrx_word' id='word_1_219' title='bbox 734 2159 856 2197; x_wconf 86' lang='lat' dir='ltr'>videt.</span> <span class='ocrx_word' id='word_1_220' title='bbox 887 2158 1008 2197; x_wconf 88' lang='lat' dir='ltr'>Error</span> <span class='ocrx_word' id='word_1_221' title='bbox 1036 2171 1131 2196; x_wconf 88' lang='lat' dir='ltr'>vero</span> <span class='ocrx_word' id='word_1_222' title='bbox 1157 2158 1291 2197; x_wconf 82' lang='lat' dir='ltr'>brevis</span> <span class='ocrx_word' id='word_1_223' title='bbox 1318 2163 1390 2197; x_wconf 90' lang='lat' dir='ltr'>est.</span> <span class='ocrx_word' id='word_1_224' title='bbox 1419 2158 1540 2197; x_wconf 90' lang='lat' dir='ltr'>Venit</span> <span class='ocrx_word' id='word_1_225' title='bbox 1560 2159 1673 2197; x_wconf 89' lang='lat' dir='ltr'>enim</span> <span class='ocrx_word' id='word_1_226' title='bbox 1694 2159 1857 2203; x_wconf 85' lang='lat' dir='ltr'>mulier,</span> <span class='ocrx_word' id='word_1_227' title='bbox 1883 2158 2010 2210; x_wconf 89' lang='lat' dir='ltr'>pullis</span> <span class='ocrx_word' id='word_1_228' title='bbox 2029 2170 2117 2196; x_wconf 83' lang='lat' dir='ltr'>ves-</span> 
     </span>
     <span class='ocr_line' id='line_1_28' title="bbox 497 2223 2112 2275; baseline 0.001 -14"><span class='ocrx_word' id='word_1_229' title='bbox 497 2224 607 2262; x_wconf 88' lang='lat' dir='ltr'>tibus</span> <span class='ocrx_word' id='word_1_230' title='bbox 633 2224 793 2268; x_wconf 90' lang='lat' dir='ltr'>induta,</span> <span class='ocrx_word' id='word_1_231' title='bbox 817 2236 922 2274; x_wconf 89' lang='lat' dir='ltr'>quae</span> <span class='ocrx_word' id='word_1_232' title='bbox 948 2224 983 2261; x_wconf 91' lang='lat' dir='ltr'>ei</span> <span class='ocrx_word' id='word_1_233' title='bbox 1010 2224 1161 2262; x_wconf 90' lang='lat' dir='ltr'>obiisse</span> <span class='ocrx_word' id='word_1_234' title='bbox 1191 2224 1353 2262; x_wconf 90' lang='lat' dir='ltr'>nuntiet</span> <span class='ocrx_word' id='word_1_235' title='bbox 1380 2224 1627 2269; x_wconf 83' lang='lat' dir='ltr'>Menelaum,</span> <span class='ocrx_word' id='word_1_236' title='bbox 1652 2236 1750 2262; x_wconf 90' lang='lat' dir='ltr'>cum</span> <span class='ocrx_word' id='word_1_237' title='bbox 1779 2223 1988 2263; x_wconf 89' lang='lat' dir='ltr'>Menelaus</span> <span class='ocrx_word' id='word_1_238' title='bbox 2010 2223 2112 2275; x_wconf 84' lang='lat' dir='ltr'>ipse,</span> 
     </span>
     <span class='ocr_line' id='line_1_29' title="bbox 497 2288 2112 2339; baseline 0.001 -12"><span class='ocrx_word' id='word_1_239' title='bbox 497 2289 552 2327; x_wconf 90' lang='lat' dir='ltr'>rei</span> <span class='ocrx_word' id='word_1_240' title='bbox 574 2289 762 2333; x_wconf 88' lang='lat' dir='ltr'>nuntius,</span> <span class='ocrx_word' id='word_1_241' title='bbox 781 2289 832 2327; x_wconf 89' lang='lat' dir='ltr'>ad</span> <span class='ocrx_word' id='word_1_242' title='bbox 854 2289 986 2327; x_wconf 88' lang='lat' dir='ltr'>Protei</span> <span class='ocrx_word' id='word_1_243' title='bbox 1009 2293 1332 2327; x_wconf 89' lang='lat' dir='ltr'>monumentum</span> <span class='ocrx_word' id='word_1_244' title='bbox 1355 2289 1503 2327; x_wconf 89' lang='lat' dir='ltr'>sedeat.</span> <span class='ocrx_word' id='word_1_245' title='bbox 1524 2288 1635 2328; x_wconf 89' lang='lat' dir='ltr'>Uxor</span> <span class='ocrx_word' id='word_1_246' title='bbox 1655 2289 1789 2339; x_wconf 84' lang='lat' dir='ltr'>fingit,</span> <span class='ocrx_word' id='word_1_247' title='bbox 1808 2293 1939 2328; x_wconf 89' lang='lat' dir='ltr'>morte</span> <span class='ocrx_word' id='word_1_248' title='bbox 1959 2288 2112 2329; x_wconf 86' lang='lat' dir='ltr'>audita.</span> 
     </span>
    </p>
   </div>
   <div class='ocr_carea' id='block_1_9' title="bbox 498 2353 2119 2405">
    <p class='ocr_par' dir='ltr' id='par_1_11' title="bbox 498 2353 2119 2405">
     <span class='ocr_line' id='line_1_30' title="bbox 498 2353 2119 2405; baseline -0.001 -13"><span class='ocrx_word' id='word_1_249' title='bbox 498 2367 539 2391; x_wconf 88' lang='lat' dir='ltr'>se</span> <span class='ocrx_word' id='word_1_250' title='bbox 559 2355 781 2392; x_wconf 84' lang='lat' dir='ltr'>consilium</span> <span class='ocrx_word' id='word_1_251' title='bbox 803 2355 956 2394; x_wconf 83' lang='lat' dir='ltr'>iniisse.</span> <span class='ocrx_word' id='word_1_252' title='bbox 981 2354 1151 2404; x_wconf 83' lang='lat' dir='ltr'>conjugi</span> <span class='ocrx_word' id='word_1_253' title='bbox 1167 2354 1281 2404; x_wconf 89' lang='lat' dir='ltr'>justa</span> <span class='ocrx_word' id='word_1_254' title='bbox 1302 2354 1492 2393; x_wconf 86' lang='lat' dir='ltr'>funebria</span> <span class='ocrx_word' id='word_1_255' title='bbox 1520 2354 1718 2392; x_wconf 77' lang='lat' dir='ltr'>solvendi.</span> <span class='ocrx_word' id='word_1_256' title='bbox 1753 2354 1884 2405; x_wconf 86' lang='lat' dir='ltr'>Cujus</span> <span class='ocrx_word' id='word_1_257' title='bbox 1911 2354 1967 2392; x_wconf 89' lang='lat' dir='ltr'>rei</span> <span class='ocrx_word' id='word_1_258' title='bbox 1994 2353 2119 2391; x_wconf 89' lang='lat' dir='ltr'>licen-</span> 
     </span>
    </p>
   </div>
   <div class='ocr_carea' id='block_1_10' title="bbox 495 2418 2115 2923">
    <p class='ocr_par' dir='ltr' id='par_1_12' title="bbox 497 2418 1978 2469">
     <span class='ocr_line' id='line_1_31' title="bbox 497 2418 1978 2469; baseline 0 -13"><span class='ocrx_word' id='word_1_259' title='bbox 497 2419 596 2456; x_wconf 88' lang='lat' dir='ltr'>tiam</span> <span class='ocrx_word' id='word_1_260' title='bbox 617 2431 755 2469; x_wconf 82' lang='lat' dir='ltr'>regem</span> <span class='ocrx_word' id='word_1_261' title='bbox 777 2424 906 2468; x_wconf 82' lang='lat' dir='ltr'>rogat,</span> <span class='ocrx_word' id='word_1_262' title='bbox 926 2430 1053 2469; x_wconf 88' lang='lat' dir='ltr'>quam</span> <span class='ocrx_word' id='word_1_263' title='bbox 1075 2418 1108 2455; x_wconf 89' lang='lat' dir='ltr'>is</span> <span class='ocrx_word' id='word_1_264' title='bbox 1130 2418 1217 2456; x_wconf 84' lang='lat' dir='ltr'>sine</span> <span class='ocrx_word' id='word_1_265' title='bbox 1238 2419 1321 2456; x_wconf 88' lang='lat' dir='ltr'>ulla</span> <span class='ocrx_word' id='word_1_266' title='bbox 1342 2419 1498 2457; x_wconf 83' lang='lat' dir='ltr'>fraudis</span> <span class='ocrx_word' id='word_1_267' title='bbox 1516 2419 1750 2469; x_wconf 91' lang='lat' dir='ltr'>suspicione</span> <span class='ocrx_word' id='word_1_268' title='bbox 1766 2418 1978 2468; x_wconf 89' lang='lat' dir='ltr'>permittit.</span> 
     </span>
    </p>

    <p class='ocr_par' dir='ltr' id='par_1_13' title="bbox 495 2484 2115 2793">
     <span class='ocr_line' id='line_1_32' title="bbox 551 2484 2114 2536; baseline 0.001 -15"><span class='ocrx_word' id='word_1_269' title='bbox 551 2484 707 2522; x_wconf 80' lang='lat' dir='ltr'>Rursus</span> <span class='ocrx_word' id='word_1_270' title='bbox 735 2486 1012 2536; x_wconf 69' lang='grc' dir='ltr'>στιχεμυθεῦσιν</span> <span class='ocrx_word' id='word_1_271' title='bbox 1041 2495 1259 2534; x_wconf 88' lang='lat' dir='ltr'>personae;</span> <span class='ocrx_word' id='word_1_272' title='bbox 1283 2495 1406 2522; x_wconf 91' lang='lat' dir='ltr'>nemo</span> <span class='ocrx_word' id='word_1_273' title='bbox 1426 2488 1579 2527; x_wconf 88' lang='lat' dir='ltr'>autem,</span> <span class='ocrx_word' id='word_1_274' title='bbox 1604 2496 1697 2533; x_wconf 86' lang='lat' dir='ltr'>rege</span> <span class='ocrx_word' id='word_1_275' title='bbox 1718 2487 1898 2534; x_wconf 82' lang='lat' dir='ltr'>excepto,</span> <span class='ocrx_word' id='word_1_276' title='bbox 1922 2484 2114 2522; x_wconf 86' lang='lat' dir='ltr'>simulata</span> 
     </span>
     <span class='ocr_line' id='line_1_33' title="bbox 495 2548 2115 2600; baseline 0.001 -14"><span class='ocrx_word' id='word_1_277' title='bbox 495 2554 631 2587; x_wconf 90' lang='lat' dir='ltr'>mente</span> <span class='ocrx_word' id='word_1_278' title='bbox 665 2561 748 2587; x_wconf 89' lang='lat' dir='ltr'>non</span> <span class='ocrx_word' id='word_1_279' title='bbox 783 2549 980 2599; x_wconf 91' lang='lat' dir='ltr'>loquitur.</span> <span class='ocrx_word' id='word_1_280' title='bbox 1011 2548 1142 2587; x_wconf 91' lang='lat' dir='ltr'>Locus</span> <span class='ocrx_word' id='word_1_281' title='bbox 1177 2562 1272 2599; x_wconf 89' lang='lat' dir='ltr'>ergo</span> <span class='ocrx_word' id='word_1_282' title='bbox 1308 2561 1503 2599; x_wconf 86' lang='lat' dir='ltr'>magnam</span> <span class='ocrx_word' id='word_1_283' title='bbox 1530 2561 1727 2587; x_wconf 78' lang='lat' dir='ltr'>versuum</span> <span class='ocrx_word' id='word_1_284' title='bbox 1753 2549 1929 2600; x_wconf 90' lang='lat' dir='ltr'>copiam,</span> <span class='ocrx_word' id='word_1_285' title='bbox 1959 2549 2115 2600; x_wconf 91' lang='lat' dir='ltr'>quibus</span> 
     </span>
     <span class='ocr_line' id='line_1_34' title="bbox 495 2613 2114 2665; baseline 0.001 -14"><span class='ocrx_word' id='word_1_286' title='bbox 495 2626 661 2665; x_wconf 87' lang='lat' dir='ltr'>operam</span> <span class='ocrx_word' id='word_1_287' title='bbox 692 2613 998 2664; x_wconf 86' lang='lat' dir='ltr'>impendamus,</span> <span class='ocrx_word' id='word_1_288' title='bbox 1032 2614 1372 2664; x_wconf 90' lang='lat' dir='ltr'>suppeditaturus</span> <span class='ocrx_word' id='word_1_289' title='bbox 1398 2619 1470 2658; x_wconf 88' lang='lat' dir='ltr'>est,</span> <span class='ocrx_word' id='word_1_290' title='bbox 1503 2626 1601 2653; x_wconf 92' lang='lat' dir='ltr'>cum</span> <span class='ocrx_word' id='word_1_291' title='bbox 1631 2615 1731 2653; x_wconf 89' lang='lat' dir='ltr'>alter</span> <span class='ocrx_word' id='word_1_292' title='bbox 1762 2614 1890 2657; x_wconf 88' lang='lat' dir='ltr'>alteri,</span> <span class='ocrx_word' id='word_1_293' title='bbox 1920 2626 2026 2664; x_wconf 88' lang='lat' dir='ltr'>quae</span> <span class='ocrx_word' id='word_1_294' title='bbox 2055 2619 2114 2652; x_wconf 89' lang='lat' dir='ltr'>est</span> 
     </span>
     <span class='ocr_line' id='line_1_35' title="bbox 495 2678 2110 2729; baseline 0.001 -14"><span class='ocrx_word' id='word_1_295' title='bbox 495 2678 703 2728; x_wconf 89' lang='lat' dir='ltr'>euripidea</span> <span class='ocrx_word' id='word_1_296' title='bbox 739 2679 1011 2722; x_wconf 85' lang='lat' dir='ltr'>consuetudo,</span> <span class='ocrx_word' id='word_1_297' title='bbox 1039 2679 1145 2717; x_wconf 90' lang='lat' dir='ltr'>nihil</span> <span class='ocrx_word' id='word_1_298' title='bbox 1174 2678 1263 2717; x_wconf 84' lang='lat' dir='ltr'>falsi</span> <span class='ocrx_word' id='word_1_299' title='bbox 1292 2679 1372 2717; x_wconf 87' lang='lat' dir='ltr'>sere</span> <span class='ocrx_word' id='word_1_300' title='bbox 1401 2691 1590 2729; x_wconf 89' lang='lat' dir='ltr'>unquam</span> <span class='ocrx_word' id='word_1_301' title='bbox 1621 2679 1976 2720; x_wconf 83' lang='lat' dir='ltr'>comminiscatur.</span> <span class='ocrx_word' id='word_1_302' title='bbox 2008 2679 2110 2729; x_wconf 90' lang='lat' dir='ltr'>quin</span> 
     </span>
     <span class='ocr_line' id='line_1_36' title="bbox 497 2743 1766 2793; baseline 0.002 -15"><span class='ocrx_word' id='word_1_303' title='bbox 497 2743 706 2781; x_wconf 83' lang='lat' dir='ltr'>veritatem</span> <span class='ocrx_word' id='word_1_304' title='bbox 730 2743 1027 2793; x_wconf 85' lang='lat' dir='ltr'>spectatoribus</span> <span class='ocrx_word' id='word_1_305' title='bbox 1055 2756 1192 2781; x_wconf 87' lang='lat' dir='ltr'>rerum</span> <span class='ocrx_word' id='word_1_306' title='bbox 1221 2744 1397 2781; x_wconf 86' lang='lat' dir='ltr'>consciis</span> <span class='ocrx_word' id='word_1_307' title='bbox 1425 2744 1550 2781; x_wconf 89' lang='lat' dir='ltr'>simul</span> <span class='ocrx_word' id='word_1_308' title='bbox 1576 2743 1766 2781; x_wconf 88' lang='lat' dir='ltr'>declaret.</span> 
     </span>
    </p>

    <p class='ocr_par' dir='ltr' id='par_1_14' title="bbox 497 2807 2114 2923">
     <span class='ocr_line' id='line_1_37' title="bbox 552 2807 2112 2859; baseline 0.001 -15"><span class='ocrx_word' id='word_1_309' title='bbox 552 2808 687 2845; x_wconf 89' lang='lat' dir='ltr'>Primo</span> <span class='ocrx_word' id='word_1_310' title='bbox 731 2808 901 2857; x_wconf 86' lang='lat' dir='ltr'>quidem</span> <span class='ocrx_word' id='word_1_311' title='bbox 948 2808 1130 2846; x_wconf 87' lang='lat' dir='ltr'>trimetro</span> <span class='ocrx_word' id='word_1_312' title='bbox 1174 2808 1294 2846; x_wconf 90' lang='lat' dir='ltr'>nobis</span> <span class='ocrx_word' id='word_1_313' title='bbox 1333 2808 1564 2847; x_wconf 85' lang='lat' dir='ltr'>accuratius</span> <span class='ocrx_word' id='word_1_314' title='bbox 1605 2807 1860 2846; x_wconf 90' lang='lat' dir='ltr'>studendum</span> <span class='ocrx_word' id='word_1_315' title='bbox 1900 2814 1973 2852; x_wconf 89' lang='lat' dir='ltr'>est,</span> <span class='ocrx_word' id='word_1_316' title='bbox 2015 2809 2112 2859; x_wconf 86' lang='lat' dir='ltr'>quia</span> 
     </span>
     <span class='ocr_line' id='line_1_38' title="bbox 497 2872 2114 2923; baseline 0.002 -14"><span class='ocrx_word' id='word_1_317' title='bbox 497 2873 685 2915; x_wconf 81' lang='lat' dir='ltr'>editores,</span> <span class='ocrx_word' id='word_1_318' title='bbox 710 2872 823 2922; x_wconf 88' lang='lat' dir='ltr'>quod</span> <span class='ocrx_word' id='word_1_319' title='bbox 845 2873 1085 2923; x_wconf 86' lang='lat' dir='ltr'>saepissime</span> <span class='ocrx_word' id='word_1_320' title='bbox 1111 2873 1153 2911; x_wconf 93' lang='lat' dir='ltr'>in</span> <span class='ocrx_word' id='word_1_321' title='bbox 1180 2873 1256 2911; x_wconf 90' lang='lat' dir='ltr'>hac</span> <span class='ocrx_word' id='word_1_322' title='bbox 1287 2873 1424 2912; x_wconf 87' lang='lat' dir='ltr'>fabula</span> <span class='ocrx_word' id='word_1_323' title='bbox 1453 2873 1668 2923; x_wconf 84' lang='lat' dir='ltr'>contingit,</span> <span class='ocrx_word' id='word_1_324' title='bbox 1691 2873 1808 2912; x_wconf 85' lang='lat' dir='ltr'>valde</span> <span class='ocrx_word' id='word_1_325' title='bbox 1834 2873 1939 2912; x_wconf 89' lang='lat' dir='ltr'>inter</span> <span class='ocrx_word' id='word_1_326' title='bbox 1965 2885 2006 2912; x_wconf 89' lang='lat' dir='ltr'>se</span> <span class='ocrx_word' id='word_1_327' title='bbox 2035 2873 2114 2912; x_wconf 90' lang='lat' dir='ltr'>dis-</span> 
     </span>
    </p>
   </div>
   <div class='ocr_carea' id='block_1_11' title="bbox 550 2996 819 3077">
    <p class='ocr_par' dir='ltr' id='par_1_15' title="bbox 550 2996 819 3077">
     <span class='ocr_line' id='line_1_39' title="bbox 552 2996 778 3031; baseline 0.004 -7"><span class='ocrx_word' id='word_1_328' title='bbox 552 3008 575 3025; x_wconf 90' lang='lat'>1.</span> <span class='ocrx_word' id='word_1_329' title='bbox 602 2996 682 3031; x_wconf 73' lang='lat' dir='ltr'>uel..</span> <span class='ocrx_word' id='word_1_330' title='bbox 712 3006 778 3026; x_wconf 82' lang='lat'>120.</span> 
     </span>
     <span class='ocr_line' id='line_1_40' title="bbox 550 3043 819 3077; baseline 0.004 -6"><span class='ocrx_word' id='word_1_331' title='bbox 550 3054 575 3072; x_wconf 69' lang='grc' dir='ltr'>-ι,</span> <span class='ocrx_word' id='word_1_332' title='bbox 605 3043 730 3077; x_wconf 80' lang='lat' dir='ltr'>Ibidem,</span> <span class='ocrx_word' id='word_1_333' title='bbox 755 3044 819 3072; x_wconf 63' lang='lat'>125».</span> 
     </span>
    </p>
   </div>
   <div class='ocr_carea' id='block_1_12' title="bbox 549 3090 816 3126">
    <p class='ocr_par' dir='ltr' id='par_1_16' title="bbox 549 3090 816 3126">
     <span class='ocr_line' id='line_1_41' title="bbox 549 3090 816 3126; baseline 0.011 -10"><span class='ocrx_word' id='word_1_334' title='bbox 549 3091 577 3119; x_wconf 74' lang='lat'>3.</span> <span class='ocrx_word' id='word_1_335' title='bbox 603 3090 730 3126; x_wconf 73' lang='lat' dir='ltr'>Ibidem,</span> <span class='ocrx_word' id='word_1_336' title='bbox 748 3090 816 3125; x_wconf 69' lang='lat'>448.</span> 
     </span>
    </p>
   </div>
  </div>
 </body>
</html>
