<?xml version="1.0" encoding="UTF-8"?>
<!DOCTYPE html PUBLIC "-//W3C//DTD XHTML 1.0 Transitional//EN"
    "http://www.w3.org/TR/xhtml1/DTD/xhtml1-transitional.dtd">
<html xmlns="http://www.w3.org/1999/xhtml" xml:lang="en" lang="en">
 <head>
  <title>
</title>
<meta http-equiv="Content-Type" content="text/html;charset=utf-8" />
  <meta name='ocr-system' content='tesseract 3.04.00' />
  <meta name='ocr-capabilities' content='ocr_page ocr_carea ocr_par ocr_line ocrx_word'/>
</head>
<body>
  <div class='ocr_page' id='page_1' title='image "./detragicaambigui00masquoft_0011.png"; bbox 0 0 2394 3660; ppageno 0'>
   <div class='ocr_carea' id='block_1_1' title="bbox 737 528 1230 588">
    <p class='ocr_par' dir='ltr' id='par_1_1' title="bbox 737 528 1230 588">
     <span class='ocr_line' id='line_1_1' title="bbox 737 528 1230 588; baseline -0.012 0"><span class='ocrx_word' id='word_1_1' title='bbox 737 528 1230 588; x_wconf 89' lang='lat' dir='ltr'><strong>PROOEMIUM.</strong></span> 
     </span>
    </p>
   </div>
   <div class='ocr_carea' id='block_1_2' title="bbox 879 704 1085 713">
    <p class='ocr_par' dir='ltr' id='par_1_2' title="bbox 879 704 1085 713">
     <span class='ocr_line' id='line_1_2' title="bbox 879 704 1085 713; baseline -0.01 0"><span class='ocrx_word' id='word_1_2' title='bbox 879 704 1085 713; x_wconf 70' lang='lat'>0——</span> 
     </span>
    </p>
   </div>
   <div class='ocr_carea' id='block_1_3' title="bbox 176 932 1804 2219">
    <p class='ocr_par' dir='ltr' id='par_1_3' title="bbox 177 932 1802 1630">
     <span class='ocr_line' id='line_1_3' title="bbox 231 932 1796 987; baseline -0.003 -11"><span class='ocrx_word' id='word_1_3' title='bbox 231 935 455 987; x_wconf 86' lang='lat' dir='ltr'>Praecipua</span> <span class='ocrx_word' id='word_1_4' title='bbox 488 934 655 974; x_wconf 85' lang='lat' dir='ltr'>dicendi</span> <span class='ocrx_word' id='word_1_5' title='bbox 687 934 831 978; x_wconf 88' lang='lat' dir='ltr'>virtus,</span> <span class='ocrx_word' id='word_1_6' title='bbox 869 944 974 984; x_wconf 84' lang='lat' dir='ltr'>quae</span> <span class='ocrx_word' id='word_1_7' title='bbox 1007 932 1233 970; x_wconf 69' lang='lat' dir='ltr'>vocabatur</span> <span class='ocrx_word' id='word_1_8' title='bbox 1261 932 1373 982; x_wconf 89' lang='lat' dir='ltr'>apud</span> <span class='ocrx_word' id='word_1_9' title='bbox 1403 932 1578 970; x_wconf 86' lang='lat' dir='ltr'>Graecos</span> <span class='ocrx_word' id='word_1_10' title='bbox 1605 934 1796 985; x_wconf 51' lang='grc' dir='ltr'>σαφήνεια,</span> 
     </span>
     <span class='ocr_line' id='line_1_4' title="bbox 178 997 1798 1052; baseline -0.004 -11"><span class='ocrx_word' id='word_1_11' title='bbox 178 1002 341 1041; x_wconf 84' lang='lat' dir='ltr'>claritas</span> <span class='ocrx_word' id='word_1_12' title='bbox 361 1000 474 1052; x_wconf 90' lang='lat' dir='ltr'>apud</span> <span class='ocrx_word' id='word_1_13' title='bbox 495 1000 675 1044; x_wconf 80' lang='lat' dir='ltr'>Latinos,</span> <span class='ocrx_word' id='word_1_14' title='bbox 698 999 777 1038; x_wconf 93' lang='lat' dir='ltr'>hoc</span> <span class='ocrx_word' id='word_1_15' title='bbox 798 998 922 1037; x_wconf 85' lang='lat' dir='ltr'>efficit</span> <span class='ocrx_word' id='word_1_16' title='bbox 941 1003 987 1037; x_wconf 90' lang='lat' dir='ltr'>ut</span> <span class='ocrx_word' id='word_1_17' title='bbox 1008 998 1050 1036; x_wconf 92' lang='lat' dir='ltr'>in</span> <span class='ocrx_word' id='word_1_18' title='bbox 1071 997 1284 1035; x_wconf 79' lang='lat' dir='ltr'>sententiis</span> <span class='ocrx_word' id='word_1_19' title='bbox 1305 997 1506 1047; x_wconf 80' lang='lat' dir='ltr'>expressis</span> <span class='ocrx_word' id='word_1_20' title='bbox 1532 997 1657 1035; x_wconf 87' lang='lat' dir='ltr'>lector</span> <span class='ocrx_word' id='word_1_21' title='bbox 1677 997 1798 1048; x_wconf 84' lang='lat' dir='ltr'>plane</span> 
     </span>
     <span class='ocr_line' id='line_1_5' title="bbox 178 1062 1800 1115; baseline -0.003 -9"><span class='ocrx_word' id='word_1_22' title='bbox 178 1066 358 1106; x_wconf 86' lang='lat' dir='ltr'>eundem</span> <span class='ocrx_word' id='word_1_23' title='bbox 406 1077 576 1105; x_wconf 88' lang='lat' dir='ltr'>sensum</span> <span class='ocrx_word' id='word_1_24' title='bbox 616 1065 811 1109; x_wconf 72' lang='lat' dir='ltr'>inveniat,</span> <span class='ocrx_word' id='word_1_25' title='bbox 858 1076 984 1115; x_wconf 90' lang='lat' dir='ltr'>quem</span> <span class='ocrx_word' id='word_1_26' title='bbox 1029 1063 1204 1114; x_wconf 85' lang='lat' dir='ltr'>scriptor</span> <span class='ocrx_word' id='word_1_27' title='bbox 1243 1062 1476 1112; x_wconf 80' lang='lat' dir='ltr'>subjecerit.</span> <span class='ocrx_word' id='word_1_28' title='bbox 1521 1062 1800 1113; x_wconf 88' lang='lat' dir='ltr'>Reperiuntur</span> 
     </span>
     <span class='ocr_line' id='line_1_6' title="bbox 177 1127 1799 1183; baseline -0.004 -11"><span class='ocrx_word' id='word_1_29' title='bbox 177 1137 315 1172; x_wconf 81' lang='lat' dir='ltr'>tamen</span> <span class='ocrx_word' id='word_1_30' title='bbox 350 1132 444 1176; x_wconf 88' lang='lat' dir='ltr'>loci,</span> <span class='ocrx_word' id='word_1_31' title='bbox 480 1143 662 1183; x_wconf 89' lang='lat' dir='ltr'>quorum</span> <span class='ocrx_word' id='word_1_32' title='bbox 696 1135 757 1169; x_wconf 92' lang='lat' dir='ltr'>est</span> <span class='ocrx_word' id='word_1_33' title='bbox 791 1129 1039 1180; x_wconf 82' lang='lat' dir='ltr'>significatio</span> <span class='ocrx_word' id='word_1_34' title='bbox 1072 1141 1237 1179; x_wconf 82' lang='lat' dir='ltr'>anceps.</span> <span class='ocrx_word' id='word_1_35' title='bbox 1270 1128 1378 1166; x_wconf 90' lang='lat' dir='ltr'>Tum</span> <span class='ocrx_word' id='word_1_36' title='bbox 1407 1127 1600 1178; x_wconf 88' lang='lat' dir='ltr'>quotiens</span> <span class='ocrx_word' id='word_1_37' title='bbox 1629 1132 1719 1166; x_wconf 87' lang='lat' dir='ltr'>utra</span> <span class='ocrx_word' id='word_1_38' title='bbox 1750 1129 1799 1166; x_wconf 92' lang='lat' dir='ltr'>sit</span> 
     </span>
     <span class='ocr_line' id='line_1_7' title="bbox 179 1194 1801 1249; baseline -0.004 -12"><span class='ocrx_word' id='word_1_39' title='bbox 179 1197 368 1249; x_wconf 87' lang='lat' dir='ltr'>eligenda</span> <span class='ocrx_word' id='word_1_40' title='bbox 395 1197 544 1242; x_wconf 88' lang='lat' dir='ltr'>nescis,</span> <span class='ocrx_word' id='word_1_41' title='bbox 572 1202 780 1248; x_wconf 81' lang='lat' dir='ltr'>peccatur.</span> <span class='ocrx_word' id='word_1_42' title='bbox 810 1197 843 1234; x_wconf 91' lang='lat' dir='ltr'>si</span> <span class='ocrx_word' id='word_1_43' title='bbox 875 1196 952 1235; x_wconf 87' lang='lat' dir='ltr'>hac</span> <span class='ocrx_word' id='word_1_44' title='bbox 978 1195 1154 1234; x_wconf 84' lang='lat' dir='ltr'>obscure</span> <span class='ocrx_word' id='word_1_45' title='bbox 1185 1194 1351 1233; x_wconf 89' lang='lat' dir='ltr'>dicendi</span> <span class='ocrx_word' id='word_1_46' title='bbox 1378 1194 1535 1232; x_wconf 87' lang='lat' dir='ltr'>ratione</span> <span class='ocrx_word' id='word_1_47' title='bbox 1560 1197 1703 1232; x_wconf 80' lang='lat' dir='ltr'>auctor</span> <span class='ocrx_word' id='word_1_48' title='bbox 1729 1194 1801 1232; x_wconf 73' lang='lat' dir='ltr'>ini-</span> 
     </span>
     <span class='ocr_line' id='line_1_8' title="bbox 177 1262 1801 1315; baseline -0.002 -13"><span class='ocrx_word' id='word_1_49' title='bbox 177 1263 402 1315; x_wconf 88' lang='lat' dir='ltr'>prudenter</span> <span class='ocrx_word' id='word_1_50' title='bbox 434 1263 509 1302; x_wconf 85' lang='lat' dir='ltr'>erit</span> <span class='ocrx_word' id='word_1_51' title='bbox 542 1275 658 1302; x_wconf 88' lang='lat' dir='ltr'>usus.</span> <span class='ocrx_word' id='word_1_52' title='bbox 695 1263 838 1314; x_wconf 92' lang='lat' dir='ltr'>Itaque</span> <span class='ocrx_word' id='word_1_53' title='bbox 871 1262 1054 1300; x_wconf 79' lang='lat' dir='ltr'>rhetores</span> <span class='ocrx_word' id='word_1_54' title='bbox 1087 1265 1397 1312; x_wconf 87' lang='lat' dir='ltr'>praeceperunt,</span> <span class='ocrx_word' id='word_1_55' title='bbox 1430 1264 1476 1298; x_wconf 88' lang='lat' dir='ltr'>ut</span> <span class='ocrx_word' id='word_1_56' title='bbox 1509 1264 1801 1311; x_wconf 84' lang='lat' dir='ltr'>respuerentur</span> 
     </span>
     <span class='ocr_line' id='line_1_9' title="bbox 181 1324 1800 1380; baseline -0.004 -12"><span class='ocrx_word' id='word_1_57' title='bbox 181 1329 420 1372; x_wconf 86' lang='lat' dir='ltr'>sententiae,</span> <span class='ocrx_word' id='word_1_58' title='bbox 451 1340 556 1380; x_wconf 87' lang='lat' dir='ltr'>quae</span> <span class='ocrx_word' id='word_1_59' title='bbox 582 1328 645 1367; x_wconf 65' lang='lat' dir='ltr'>vel</span> <span class='ocrx_word' id='word_1_60' title='bbox 671 1328 714 1366; x_wconf 91' lang='lat' dir='ltr'>in</span> <span class='ocrx_word' id='word_1_61' title='bbox 741 1328 862 1371; x_wconf 89' lang='lat' dir='ltr'>duos,</span> <span class='ocrx_word' id='word_1_62' title='bbox 885 1328 946 1365; x_wconf 65' lang='lat' dir='ltr'>vol</span> <span class='ocrx_word' id='word_1_63' title='bbox 968 1327 1010 1365; x_wconf 92' lang='lat' dir='ltr'>in</span> <span class='ocrx_word' id='word_1_64' title='bbox 1036 1327 1176 1377; x_wconf 89' lang='lat' dir='ltr'>plures</span> <span class='ocrx_word' id='word_1_65' title='bbox 1201 1325 1348 1364; x_wconf 91' lang='lat' dir='ltr'>modos</span> <span class='ocrx_word' id='word_1_66' title='bbox 1374 1325 1671 1375; x_wconf 84' lang='lat' dir='ltr'>acciperentur.</span> <span class='ocrx_word' id='word_1_67' title='bbox 1696 1324 1759 1363; x_wconf 89' lang='lat' dir='ltr'>Sic</span> <span class='ocrx_word' id='word_1_68' title='bbox 1780 1337 1800 1363; x_wconf 92' lang='lat' dir='ltr'>e</span> 
     </span>
     <span class='ocr_line' id='line_1_10' title="bbox 178 1391 1802 1446; baseline -0.003 -13"><span class='ocrx_word' id='word_1_69' title='bbox 178 1395 366 1446; x_wconf 89' lang='lat' dir='ltr'>quinque</span> <span class='ocrx_word' id='word_1_70' title='bbox 388 1394 624 1437; x_wconf 74' lang='lat' dir='ltr'>virtutibus,</span> <span class='ocrx_word' id='word_1_71' title='bbox 648 1406 751 1445; x_wconf 86' lang='lat' dir='ltr'>quas</span> <span class='ocrx_word' id='word_1_72' title='bbox 772 1393 1007 1431; x_wconf 79' lang='lat' dir='ltr'>Aristoteles</span> <span class='ocrx_word' id='word_1_73' title='bbox 1027 1392 1147 1431; x_wconf 88' lang='lat' dir='ltr'>docet</span> <span class='ocrx_word' id='word_1_74' title='bbox 1166 1404 1263 1443; x_wconf 91' lang='lat' dir='ltr'>prae</span> <span class='ocrx_word' id='word_1_75' title='bbox 1283 1391 1482 1429; x_wconf 89' lang='lat' dir='ltr'>omnibus</span> <span class='ocrx_word' id='word_1_76' title='bbox 1508 1402 1595 1429; x_wconf 85' lang='lat' dir='ltr'>esse</span> <span class='ocrx_word' id='word_1_77' title='bbox 1621 1402 1802 1429; x_wconf 87' lang='lat' dir='ltr'>necessa-</span> 
     </span>
     <span class='ocr_line' id='line_1_11' title="bbox 178 1455 1801 1510; baseline -0.004 -11"><span class='ocrx_word' id='word_1_78' title='bbox 178 1460 271 1505; x_wconf 91' lang='lat' dir='ltr'>rias,</span> <span class='ocrx_word' id='word_1_79' title='bbox 299 1460 617 1510; x_wconf 85' lang='lat' dir='ltr'>ambiguitatem</span> <span class='ocrx_word' id='word_1_80' title='bbox 646 1459 772 1498; x_wconf 59' lang='lat' dir='ltr'>vitare</span> <span class='ocrx_word' id='word_1_81' title='bbox 797 1459 958 1497; x_wconf 86' lang='lat' dir='ltr'>tertiam</span> <span class='ocrx_word' id='word_1_82' title='bbox 989 1458 1168 1509; x_wconf 78' lang='lat' dir='ltr'>posuitr.</span> <span class='ocrx_word' id='word_1_83' title='bbox 1201 1456 1364 1495; x_wconf 79' lang='lat' dir='ltr'>Etenim</span> <span class='ocrx_word' id='word_1_84' title='bbox 1400 1468 1483 1494; x_wconf 87' lang='lat' dir='ltr'>non</span> <span class='ocrx_word' id='word_1_85' title='bbox 1518 1455 1659 1494; x_wconf 80' lang='lat' dir='ltr'>scribit</span> <span class='ocrx_word' id='word_1_86' title='bbox 1688 1456 1801 1506; x_wconf 83' lang='lat' dir='ltr'>quis-</span> 
     </span>
     <span class='ocr_line' id='line_1_12' title="bbox 177 1522 1798 1577; baseline -0.004 -13"><span class='ocrx_word' id='word_1_87' title='bbox 177 1537 319 1577; x_wconf 84' lang='lat' dir='ltr'>quam,</span> <span class='ocrx_word' id='word_1_88' title='bbox 353 1525 432 1563; x_wconf 83' lang='lat' dir='ltr'>nisi</span> <span class='ocrx_word' id='word_1_89' title='bbox 460 1529 507 1563; x_wconf 88' lang='lat' dir='ltr'>ut</span> <span class='ocrx_word' id='word_1_90' title='bbox 536 1525 811 1574; x_wconf 81' lang='lat' dir='ltr'>intellegatur,</span> <span class='ocrx_word' id='word_1_91' title='bbox 845 1524 957 1575; x_wconf 91' lang='lat' dir='ltr'>quod</span> <span class='ocrx_word' id='word_1_92' title='bbox 988 1524 1022 1561; x_wconf 94' lang='lat' dir='ltr'>is</span> <span class='ocrx_word' id='word_1_93' title='bbox 1049 1522 1284 1574; x_wconf 86' lang='lat' dir='ltr'>assequitur</span> <span class='ocrx_word' id='word_1_94' title='bbox 1310 1534 1436 1565; x_wconf 90' lang='lat' dir='ltr'>unus,</span> <span class='ocrx_word' id='word_1_95' title='bbox 1466 1522 1538 1572; x_wconf 88' lang='lat' dir='ltr'>qui</span> <span class='ocrx_word' id='word_1_96' title='bbox 1567 1533 1798 1559; x_wconf 84' lang='lat' dir='ltr'>sermonem</span> 
     </span>
     <span class='ocr_line' id='line_1_13' title="bbox 181 1590 1006 1630; baseline -0.004 0"><span class='ocrx_word' id='word_1_97' title='bbox 181 1591 376 1630; x_wconf 86' lang='lat' dir='ltr'>subtilem</span> <span class='ocrx_word' id='word_1_98' title='bbox 403 1595 440 1629; x_wconf 89' lang='lat' dir='ltr'>et</span> <span class='ocrx_word' id='word_1_99' title='bbox 465 1591 729 1629; x_wconf 85' lang='lat' dir='ltr'>enucleatum</span> <span class='ocrx_word' id='word_1_100' title='bbox 755 1590 1006 1628; x_wconf 87' lang='lat' dir='ltr'>adhibuerit.</span> 
     </span>
    </p>

    <p class='ocr_par' dir='ltr' id='par_1_4' title="bbox 176 1651 1804 2219">
     <span class='ocr_line' id='line_1_14' title="bbox 232 1651 1802 1705; baseline -0.003 -11"><span class='ocrx_word' id='word_1_101' title='bbox 232 1656 302 1695; x_wconf 91' lang='lat' dir='ltr'>Illa</span> <span class='ocrx_word' id='word_1_102' title='bbox 322 1660 460 1694; x_wconf 89' lang='lat' dir='ltr'>tamen</span> <span class='ocrx_word' id='word_1_103' title='bbox 481 1655 733 1705; x_wconf 84' lang='lat' dir='ltr'>ambiguitas</span> <span class='ocrx_word' id='word_1_104' title='bbox 753 1655 804 1693; x_wconf 90' lang='lat' dir='ltr'>ad</span> <span class='ocrx_word' id='word_1_105' title='bbox 825 1654 1030 1705; x_wconf 82' lang='lat' dir='ltr'>quaedam</span> <span class='ocrx_word' id='word_1_106' title='bbox 1056 1666 1178 1705; x_wconf 88' lang='lat' dir='ltr'>opera</span> <span class='ocrx_word' id='word_1_107' title='bbox 1205 1659 1299 1704; x_wconf 88' lang='lat' dir='ltr'>apta</span> <span class='ocrx_word' id='word_1_108' title='bbox 1325 1665 1412 1691; x_wconf 85' lang='lat' dir='ltr'>esse</span> <span class='ocrx_word' id='word_1_109' title='bbox 1438 1652 1613 1696; x_wconf 53' lang='lat' dir='ltr'>ridetur,</span> <span class='ocrx_word' id='word_1_110' title='bbox 1646 1651 1697 1690; x_wconf 88' lang='lat' dir='ltr'>ad</span> <span class='ocrx_word' id='word_1_111' title='bbox 1727 1656 1802 1690; x_wconf 91' lang='lat' dir='ltr'>tra-</span> 
     </span>
     <span class='ocr_line' id='line_1_15' title="bbox 178 1718 1800 1772; baseline -0.004 -12"><span class='ocrx_word' id='word_1_112' title='bbox 178 1721 369 1772; x_wconf 84' lang='lat' dir='ltr'>goediam</span> <span class='ocrx_word' id='word_1_113' title='bbox 390 1733 498 1764; x_wconf 68' lang='lat' dir='ltr'>vero,</span> <span class='ocrx_word' id='word_1_114' title='bbox 518 1720 597 1759; x_wconf 91' lang='lat' dir='ltr'>nisi</span> <span class='ocrx_word' id='word_1_115' title='bbox 618 1720 748 1764; x_wconf 86' lang='lat' dir='ltr'>fallor,</span> <span class='ocrx_word' id='word_1_116' title='bbox 763 1720 825 1758; x_wconf 78' lang='lat' dir='ltr'>vel</span> <span class='ocrx_word' id='word_1_117' title='bbox 846 1720 1015 1770; x_wconf 86' lang='lat' dir='ltr'>optime.</span> <span class='ocrx_word' id='word_1_118' title='bbox 1031 1719 1222 1757; x_wconf 86' lang='lat' dir='ltr'>Ceterum</span> <span class='ocrx_word' id='word_1_119' title='bbox 1243 1718 1479 1756; x_wconf 80' lang='lat' dir='ltr'>Aristoteles</span> <span class='ocrx_word' id='word_1_120' title='bbox 1499 1718 1647 1756; x_wconf 86' lang='lat' dir='ltr'>fatetur</span> <span class='ocrx_word' id='word_1_121' title='bbox 1667 1728 1757 1755; x_wconf 89' lang='lat' dir='ltr'>eam</span> <span class='ocrx_word' id='word_1_122' title='bbox 1778 1729 1800 1754; x_wconf 92' lang='lat' dir='ltr'>a</span> 
     </span>
     <span class='ocr_line' id='line_1_16' title="bbox 178 1783 1798 1837; baseline -0.003 -12"><span class='ocrx_word' id='word_1_123' title='bbox 178 1786 434 1837; x_wconf 88' lang='lat' dir='ltr'>quibusdam</span> <span class='ocrx_word' id='word_1_124' title='bbox 445 1786 541 1837; x_wconf 89' lang='lat' dir='ltr'>jure</span> <span class='ocrx_word' id='word_1_125' title='bbox 556 1797 643 1824; x_wconf 89' lang='lat' dir='ltr'>esse</span> <span class='ocrx_word' id='word_1_126' title='bbox 659 1790 917 1835; x_wconf 87' lang='lat' dir='ltr'>usurpatam,</span> <span class='ocrx_word' id='word_1_127' title='bbox 933 1785 1040 1823; x_wconf 90' lang='lat' dir='ltr'>inter</span> <span class='ocrx_word' id='word_1_128' title='bbox 1054 1796 1159 1834; x_wconf 90' lang='lat' dir='ltr'>quos</span> <span class='ocrx_word' id='word_1_129' title='bbox 1176 1783 1468 1834; x_wconf 86' lang='lat' dir='ltr'>Empedoclem</span> <span class='ocrx_word' id='word_1_130' title='bbox 1484 1785 1798 1826; x_wconf 87' lang='lat' dir='ltr'>commemorat,</span> 
     </span>
     <span class='ocr_line' id='line_1_17' title="bbox 177 1847 1804 1903; baseline -0.004 -13"><span class='ocrx_word' id='word_1_131' title='bbox 177 1852 250 1903; x_wconf 90' lang='lat' dir='ltr'>qui</span> <span class='ocrx_word' id='word_1_132' title='bbox 269 1851 491 1890; x_wconf 68' lang='lat' dir='ltr'>verborum</span> <span class='ocrx_word' id='word_1_133' title='bbox 510 1851 761 1889; x_wconf 88' lang='lat' dir='ltr'>obscuritate</span> <span class='ocrx_word' id='word_1_134' title='bbox 781 1850 1004 1888; x_wconf 72' lang='lat' dir='ltr'>vanitatem</span> <span class='ocrx_word' id='word_1_135' title='bbox 1027 1850 1326 1888; x_wconf 87' lang='lat' dir='ltr'>sententiarum</span> <span class='ocrx_word' id='word_1_136' title='bbox 1353 1859 1660 1898; x_wconf 83' lang='lat' dir='ltr'>nonnunquam</span> <span class='ocrx_word' id='word_1_137' title='bbox 1687 1847 1804 1885; x_wconf 83' lang='lat' dir='ltr'>dissi-</span> 
     </span>
     <span class='ocr_line' id='line_1_18' title="bbox 178 1912 1803 1967; baseline -0.004 -12"><span class='ocrx_word' id='word_1_138' title='bbox 178 1917 364 1956; x_wconf 78' lang='lat' dir='ltr'>mulavit.</span> <span class='ocrx_word' id='word_1_139' title='bbox 393 1917 519 1967; x_wconf 88' lang='lat' dir='ltr'>Saepe</span> <span class='ocrx_word' id='word_1_140' title='bbox 547 1916 672 1954; x_wconf 87' lang='lat' dir='ltr'>etiam</span> <span class='ocrx_word' id='word_1_141' title='bbox 698 1916 861 1954; x_wconf 74' lang='lat' dir='ltr'>vatibus</span> <span class='ocrx_word' id='word_1_142' title='bbox 887 1915 1062 1953; x_wconf 89' lang='lat' dir='ltr'>eandem</span> <span class='ocrx_word' id='word_1_143' title='bbox 1087 1915 1201 1953; x_wconf 87' lang='lat' dir='ltr'>haud</span> <span class='ocrx_word' id='word_1_144' title='bbox 1228 1914 1419 1952; x_wconf 91' lang='lat' dir='ltr'>inutilem</span> <span class='ocrx_word' id='word_1_145' title='bbox 1447 1913 1574 1951; x_wconf 86' lang='lat' dir='ltr'>fuisse</span> <span class='ocrx_word' id='word_1_146' title='bbox 1593 1912 1707 1956; x_wconf 89' lang='lat' dir='ltr'>dicit,</span> <span class='ocrx_word' id='word_1_147' title='bbox 1731 1924 1803 1963; x_wconf 88' lang='lat' dir='ltr'>per</span> 
     </span>
     <span class='ocr_line' id='line_1_19' title="bbox 176 1977 1802 2033; baseline -0.004 -12"><span class='ocrx_word' id='word_1_148' title='bbox 176 1982 373 2033; x_wconf 83' lang='lat' dir='ltr'>ambages</span> <span class='ocrx_word' id='word_1_149' title='bbox 403 1987 556 2020; x_wconf 90' lang='lat' dir='ltr'>sortem</span> <span class='ocrx_word' id='word_1_150' title='bbox 582 1981 701 2020; x_wconf 87' lang='lat' dir='ltr'>edere</span> <span class='ocrx_word' id='word_1_151' title='bbox 723 1981 868 2025; x_wconf 85' lang='lat' dir='ltr'>solitis,</span> <span class='ocrx_word' id='word_1_152' title='bbox 899 1993 949 2019; x_wconf 94' lang='lat' dir='ltr'>ne</span> <span class='ocrx_word' id='word_1_153' title='bbox 974 1985 1145 2019; x_wconf 70' lang='lat' dir='ltr'>eventus</span> <span class='ocrx_word' id='word_1_154' title='bbox 1171 1980 1302 2018; x_wconf 88' lang='lat' dir='ltr'>omini</span> <span class='ocrx_word' id='word_1_155' title='bbox 1333 1992 1414 2017; x_wconf 90' lang='lat' dir='ltr'>non</span> <span class='ocrx_word' id='word_1_156' title='bbox 1451 1979 1700 2017; x_wconf 80' lang='lat' dir='ltr'>conveniret.</span> <span class='ocrx_word' id='word_1_157' title='bbox 1737 1977 1802 2016; x_wconf 87' lang='lat' dir='ltr'>Sic</span> 
     </span>
     <span class='ocr_line' id='line_1_20' title="bbox 177 2046 1801 2097; baseline -0.004 -10"><span class='ocrx_word' id='word_1_158' title='bbox 177 2048 280 2087; x_wconf 89' lang='lat' dir='ltr'>illud</span> <span class='ocrx_word' id='word_1_159' title='bbox 323 2048 539 2087; x_wconf 90' lang='lat' dir='ltr'>oraculum</span> <span class='ocrx_word' id='word_1_160' title='bbox 584 2047 717 2091; x_wconf 85' lang='lat' dir='ltr'>refert,</span> <span class='ocrx_word' id='word_1_161' title='bbox 759 2059 781 2085; x_wconf 90' lang='lat' dir='ltr'>a</span> <span class='ocrx_word' id='word_1_162' title='bbox 820 2047 1021 2097; x_wconf 86' lang='lat' dir='ltr'>Delphico</span> <span class='ocrx_word' id='word_1_163' title='bbox 1067 2046 1254 2096; x_wconf 68' lang='lat' dir='ltr'>Apolline</span> <span class='ocrx_word' id='word_1_164' title='bbox 1292 2046 1392 2083; x_wconf 89' lang='lat' dir='ltr'>olim</span> <span class='ocrx_word' id='word_1_165' title='bbox 1433 2046 1595 2088; x_wconf 85' lang='lat' dir='ltr'>Croeso,</span> <span class='ocrx_word' id='word_1_166' title='bbox 1636 2048 1801 2082; x_wconf 88' lang='lat' dir='ltr'>auctore</span> 
     </span>
     <span class='ocr_line' id='line_1_21' title="bbox 178 2110 1803 2163; baseline -0.004 -10"><span class='ocrx_word' id='word_1_167' title='bbox 178 2113 424 2159; x_wconf 60' lang='lat' dir='ltr'>Hermoton,</span> <span class='ocrx_word' id='word_1_168' title='bbox 448 2113 609 2155; x_wconf 80' lang='lat' dir='ltr'>datum.</span> <span class='ocrx_word' id='word_1_169' title='bbox 638 2124 736 2152; x_wconf 87' lang='lat' dir='ltr'>cum</span> <span class='ocrx_word' id='word_1_170' title='bbox 765 2113 808 2151; x_wconf 87' lang='lat' dir='ltr'>in</span> <span class='ocrx_word' id='word_1_171' title='bbox 838 2112 991 2163; x_wconf 67' lang='lat' dir='ltr'>Cyrum</span> <span class='ocrx_word' id='word_1_172' title='bbox 1023 2112 1188 2150; x_wconf 84' lang='lat' dir='ltr'>duceret</span> <span class='ocrx_word' id='word_1_173' title='bbox 1216 2112 1453 2149; x_wconf 76' lang='lat' dir='ltr'>exercitum.</span> <span class='ocrx_word' id='word_1_174' title='bbox 1487 2110 1590 2148; x_wconf 66' lang='lat' dir='ltr'>Nam</span> <span class='ocrx_word' id='word_1_175' title='bbox 1618 2110 1803 2148; x_wconf 80' lang='lat' dir='ltr'>hexame-</span> 
     </span>
     <span class='ocr_line' id='line_1_22' title="bbox 179 2179 613 2219; baseline -0.002 -1"><span class='ocrx_word' id='word_1_176' title='bbox 179 2185 287 2219; x_wconf 86' lang='lat' dir='ltr'>trum</span> <span class='ocrx_word' id='word_1_177' title='bbox 319 2179 613 2218; x_wconf 90' lang='lat' dir='ltr'>notissimum:</span> 
     </span>
    </p>
   </div>
   <div class='ocr_carea' id='block_1_4' title="bbox 469 2278 1490 2335">
    <p class='ocr_par' dir='ltr' id='par_1_5' title="bbox 469 2278 1490 2335">
     <span class='ocr_line' id='line_1_23' title="bbox 469 2278 1490 2335; baseline -0.005 -14"><span class='ocrx_word' id='word_1_178' title='bbox 469 2283 628 2335; x_wconf 71' lang='grc' dir='ltr'>Κροῖσες</span> <span class='ocrx_word' id='word_1_179' title='bbox 647 2280 764 2320; x_wconf 69' lang='grc' dir='ltr'>’Ἅλυν</span> <span class='ocrx_word' id='word_1_180' title='bbox 786 2280 920 2330; x_wconf 70' lang='grc' dir='ltr'>διαβὰς</span> <span class='ocrx_word' id='word_1_181' title='bbox 940 2280 1110 2331; x_wconf 72' lang='grc' dir='ltr'>μεγάλην</span> <span class='ocrx_word' id='word_1_182' title='bbox 1133 2279 1251 2333; x_wconf 74' lang='grc' dir='ltr'>ἀρχὴν</span> <span class='ocrx_word' id='word_1_183' title='bbox 1272 2278 1490 2325; x_wconf 66' lang='grc' dir='ltr'><strong>κατκλὺςει,</strong></span> 
     </span>
    </p>
   </div>
   <div class='ocr_carea' id='block_1_5' title="bbox 179 2402 1806 2849">
    <p class='ocr_par' dir='ltr' id='par_1_6' title="bbox 179 2402 1802 2523">
     <span class='ocr_line' id='line_1_24' title="bbox 180 2402 1802 2454; baseline -0.003 -10"><span class='ocrx_word' id='word_1_184' title='bbox 180 2418 343 2445; x_wconf 84' lang='lat' dir='ltr'>necesse</span> <span class='ocrx_word' id='word_1_185' title='bbox 375 2410 460 2444; x_wconf 86' lang='lat' dir='ltr'>erat</span> <span class='ocrx_word' id='word_1_186' title='bbox 497 2405 551 2444; x_wconf 90' lang='lat' dir='ltr'>ob</span> <span class='ocrx_word' id='word_1_187' title='bbox 589 2405 754 2446; x_wconf 83' lang='lat' dir='ltr'>miram.</span> <span class='ocrx_word' id='word_1_188' title='bbox 795 2415 923 2454; x_wconf 89' lang='lat' dir='ltr'>quam</span> <span class='ocrx_word' id='word_1_189' title='bbox 958 2404 1154 2446; x_wconf 89' lang='lat' dir='ltr'>continet,</span> <span class='ocrx_word' id='word_1_190' title='bbox 1196 2403 1512 2452; x_wconf 82' lang='lat' dir='ltr'>ambiguitatem</span> <span class='ocrx_word' id='word_1_191' title='bbox 1548 2402 1669 2440; x_wconf 87' lang='lat' dir='ltr'>rebus</span> <span class='ocrx_word' id='word_1_192' title='bbox 1704 2403 1802 2453; x_wconf 84' lang='lat' dir='ltr'>ipsis</span> 
     </span>
     <span class='ocr_line' id='line_1_25' title="bbox 179 2468 1798 2523; baseline -0.002 -13"><span class='ocrx_word' id='word_1_193' title='bbox 179 2471 455 2523; x_wconf 80' lang='lat' dir='ltr'>comprobari,</span> <span class='ocrx_word' id='word_1_194' title='bbox 481 2471 563 2510; x_wconf 78' lang='lat' dir='ltr'>sive</span> <span class='ocrx_word' id='word_1_195' title='bbox 583 2471 737 2522; x_wconf 73' lang='lat' dir='ltr'>Cyrum</span> <span class='ocrx_word' id='word_1_196' title='bbox 754 2470 931 2508; x_wconf 85' lang='lat' dir='ltr'>Croesus</span> <span class='ocrx_word' id='word_1_197' title='bbox 949 2470 1143 2513; x_wconf 71' lang='lat' dir='ltr'>vinceret,</span> <span class='ocrx_word' id='word_1_198' title='bbox 1163 2469 1245 2506; x_wconf 80' lang='lat' dir='ltr'>sive</span> <span class='ocrx_word' id='word_1_199' title='bbox 1262 2473 1403 2507; x_wconf 79' lang='lat' dir='ltr'>contra</span> <span class='ocrx_word' id='word_1_200' title='bbox 1423 2469 1475 2507; x_wconf 89' lang='lat' dir='ltr'>ab</span> <span class='ocrx_word' id='word_1_201' title='bbox 1492 2481 1539 2506; x_wconf 88' lang='lat' dir='ltr'>eo</span> <span class='ocrx_word' id='word_1_202' title='bbox 1555 2468 1798 2506; x_wconf 77' lang='lat' dir='ltr'>vinceretur.</span> 
     </span>
    </p>

    <p class='ocr_par' dir='ltr' id='par_1_7' title="bbox 181 2534 1806 2849">
     <span class='ocr_line' id='line_1_26' title="bbox 233 2534 1800 2588; baseline -0.003 -12"><span class='ocrx_word' id='word_1_203' title='bbox 233 2537 358 2588; x_wconf 85' lang='lat' dir='ltr'>Saepe</span> <span class='ocrx_word' id='word_1_204' title='bbox 378 2537 501 2576; x_wconf 90' lang='lat' dir='ltr'>etiam</span> <span class='ocrx_word' id='word_1_205' title='bbox 523 2537 614 2575; x_wconf 89' lang='lat' dir='ltr'>talis</span> <span class='ocrx_word' id='word_1_206' title='bbox 634 2536 799 2575; x_wconf 89' lang='lat' dir='ltr'>dicendi</span> <span class='ocrx_word' id='word_1_207' title='bbox 821 2536 922 2574; x_wconf 89' lang='lat' dir='ltr'>ratio</span> <span class='ocrx_word' id='word_1_208' title='bbox 943 2536 984 2573; x_wconf 91' lang='lat' dir='ltr'>in</span> <span class='ocrx_word' id='word_1_209' title='bbox 1007 2548 1085 2573; x_wconf 83' lang='lat' dir='ltr'>usu</span> <span class='ocrx_word' id='word_1_210' title='bbox 1114 2535 1336 2578; x_wconf 74' lang='lat' dir='ltr'>cotidiano,</span> <span class='ocrx_word' id='word_1_211' title='bbox 1367 2535 1450 2572; x_wconf 68' lang='lat' dir='ltr'>sive</span> <span class='ocrx_word' id='word_1_212' title='bbox 1477 2534 1627 2572; x_wconf 86' lang='lat' dir='ltr'>mentis</span> <span class='ocrx_word' id='word_1_213' title='bbox 1653 2546 1800 2577; x_wconf 81' lang='lat' dir='ltr'>errore,</span> 
     </span>
     <span class='ocr_line' id='line_1_27' title="bbox 181 2598 1802 2652; baseline -0.002 -12"><span class='ocrx_word' id='word_1_214' title='bbox 181 2603 264 2641; x_wconf 75' lang='lat' dir='ltr'>sive</span> <span class='ocrx_word' id='word_1_215' title='bbox 285 2602 458 2641; x_wconf 89' lang='lat' dir='ltr'>consilio</span> <span class='ocrx_word' id='word_1_216' title='bbox 479 2601 715 2646; x_wconf 86' lang='lat' dir='ltr'>adhibetur,</span> <span class='ocrx_word' id='word_1_217' title='bbox 739 2606 784 2639; x_wconf 90' lang='lat' dir='ltr'>ut</span> <span class='ocrx_word' id='word_1_218' title='bbox 805 2601 891 2652; x_wconf 87' lang='lat' dir='ltr'>ipse</span> <span class='ocrx_word' id='word_1_219' title='bbox 912 2600 1141 2651; x_wconf 77' lang='lat' dir='ltr'>Xenophon</span> <span class='ocrx_word' id='word_1_220' title='bbox 1164 2612 1249 2637; x_wconf 86' lang='lat' dir='ltr'>rem</span> <span class='ocrx_word' id='word_1_221' title='bbox 1272 2599 1561 2637; x_wconf 68' lang='lat' dir='ltr'>venustissime</span> <span class='ocrx_word' id='word_1_222' title='bbox 1582 2598 1738 2643; x_wconf 89' lang='lat' dir='ltr'>docuit,</span> <span class='ocrx_word' id='word_1_223' title='bbox 1762 2599 1802 2637; x_wconf 87' lang='lat' dir='ltr'>in</span> 
     </span>
     <span class='ocr_line' id='line_1_28' title="bbox 181 2664 1802 2718; baseline -0.003 -12"><span class='ocrx_word' id='word_1_224' title='bbox 181 2668 288 2706; x_wconf 88' lang='lat' dir='ltr'>libro</span> <span class='ocrx_word' id='word_1_225' title='bbox 307 2679 433 2718; x_wconf 88' lang='lat' dir='ltr'>quem</span> <span class='ocrx_word' id='word_1_226' title='bbox 454 2667 500 2706; x_wconf 80' lang='lat' dir='ltr'>de</span> <span class='ocrx_word' id='word_1_227' title='bbox 523 2668 626 2717; x_wconf 74' lang='lat' dir='ltr'>Cyro</span> <span class='ocrx_word' id='word_1_228' title='bbox 648 2666 889 2705; x_wconf 78' lang='lat' dir='ltr'>instituendo</span> <span class='ocrx_word' id='word_1_229' title='bbox 911 2666 1074 2716; x_wconf 83' lang='lat' dir='ltr'>scripsit</span> <span class='ocrx_word' id='word_1_230' title='bbox 1088 2665 1119 2702; x_wconf 86' lang='grc'>3.</span> <span class='ocrx_word' id='word_1_231' title='bbox 1145 2665 1247 2702; x_wconf 56' lang='lat' dir='ltr'>Nam</span> <span class='ocrx_word' id='word_1_232' title='bbox 1270 2665 1505 2703; x_wconf 89' lang='lat' dir='ltr'>cohortium</span> <span class='ocrx_word' id='word_1_233' title='bbox 1526 2664 1611 2702; x_wconf 78' lang='lat' dir='ltr'>dux</span> <span class='ocrx_word' id='word_1_234' title='bbox 1631 2664 1802 2715; x_wconf 87' lang='lat' dir='ltr'>quidam</span> 
     </span>
     <span class='ocr_line' id='line_1_29' title="bbox 182 2729 1806 2784; baseline -0.004 -12"><span class='ocrx_word' id='word_1_235' title='bbox 182 2733 449 2784; x_wconf 90' lang='lat' dir='ltr'>manipulum</span> <span class='ocrx_word' id='word_1_236' title='bbox 476 2745 611 2771; x_wconf 90' lang='lat' dir='ltr'>unum</span> <span class='ocrx_word' id='word_1_237' title='bbox 638 2731 865 2770; x_wconf 89' lang='lat' dir='ltr'>erudiebat.</span> <span class='ocrx_word' id='word_1_238' title='bbox 892 2730 940 2769; x_wconf 86' lang='lat' dir='ltr'>Et</span> <span class='ocrx_word' id='word_1_239' title='bbox 965 2743 1063 2769; x_wconf 89' lang='lat' dir='ltr'>cum</span> <span class='ocrx_word' id='word_1_240' title='bbox 1090 2730 1296 2780; x_wconf 87' lang='lat' dir='ltr'>manipuli</span> <span class='ocrx_word' id='word_1_241' title='bbox 1322 2730 1573 2780; x_wconf 88' lang='lat' dir='ltr'>praesectum</span> <span class='ocrx_word' id='word_1_242' title='bbox 1602 2729 1643 2767; x_wconf 92' lang='lat' dir='ltr'>in</span> <span class='ocrx_word' id='word_1_243' title='bbox 1669 2729 1806 2780; x_wconf 83' lang='lat' dir='ltr'>primo</span> 
     </span>
     <span class='ocr_line' id='line_1_30' title="bbox 182 2795 1803 2849; baseline -0.002 -12"><span class='ocrx_word' id='word_1_244' title='bbox 182 2799 273 2837; x_wconf 89' lang='lat' dir='ltr'>loco</span> <span class='ocrx_word' id='word_1_245' title='bbox 292 2798 513 2843; x_wconf 89' lang='lat' dir='ltr'>statuisset,</span> <span class='ocrx_word' id='word_1_246' title='bbox 534 2802 572 2837; x_wconf 90' lang='lat' dir='ltr'>et</span> <span class='ocrx_word' id='word_1_247' title='bbox 592 2797 814 2849; x_wconf 88' lang='lat' dir='ltr'>posthunc</span> <span class='ocrx_word' id='word_1_248' title='bbox 831 2801 1047 2835; x_wconf 85' lang='lat' dir='ltr'>strenuum</span> <span class='ocrx_word' id='word_1_249' title='bbox 1069 2795 1279 2847; x_wconf 86' lang='lat' dir='ltr'>quendam</span> <span class='ocrx_word' id='word_1_250' title='bbox 1296 2795 1493 2846; x_wconf 75' lang='lat' dir='ltr'>juvenem</span> <span class='ocrx_word' id='word_1_251' title='bbox 1511 2795 1803 2838; x_wconf 70' lang='lat' dir='ltr'>collocavisset.</span> 
     </span>
    </p>
   </div>
   <div class='ocr_carea' id='block_1_6' title="bbox 1342 2925 1353 2943">
    <p class='ocr_par' dir='ltr' id='par_1_8' title="bbox 1342 2925 1353 2943">
     <span class='ocr_line' id='line_1_31' title="bbox 1342 2925 1353 2943; baseline 0 0"><span class='ocrx_word' id='word_1_252' title='bbox 1342 2925 1353 2943; x_wconf 67' lang='lat' dir='ltr'><em>L</em></span> 
     </span>
    </p>
   </div>
   <div class='ocr_carea' id='block_1_7' title="bbox 242 2921 1808 2968">
    <p class='ocr_par' dir='ltr' id='par_1_9' title="bbox 242 2921 1808 2968">
     <span class='ocr_line' id='line_1_32' title="bbox 242 2921 1808 2968; baseline -0.001 -10"><span class='ocrx_word' id='word_1_253' title='bbox 242 2939 268 2959; x_wconf 85' lang='lat'>1.</span> <span class='ocrx_word' id='word_1_254' title='bbox 296 2928 401 2964; x_wconf 64' lang='lat' dir='ltr'>Rhet„</span> <span class='ocrx_word' id='word_1_255' title='bbox 419 2928 474 2962; x_wconf 87' lang='lat'>111,</span> <span class='ocrx_word' id='word_1_256' title='bbox 495 2929 524 2962; x_wconf 83' lang='lat'>5,</span> <span class='ocrx_word' id='word_1_257' title='bbox 542 2928 594 2958; x_wconf 89' lang='lat' dir='ltr'>ed.</span> <span class='ocrx_word' id='word_1_258' title='bbox 613 2927 760 2966; x_wconf 79' lang='lat' dir='ltr'>Spengel</span> <span class='ocrx_word' id='word_1_259' title='bbox 775 2935 781 2957; x_wconf 80' lang='lat' dir='ltr'>z</span> <span class='ocrx_word' id='word_1_260' title='bbox 800 2926 902 2968; x_wconf 76' lang='grc' dir='ltr'>τρίτον</span> <span class='ocrx_word' id='word_1_261' title='bbox 919 2921 962 2966; x_wconf 77' lang='grc' dir='ltr'>μὴ</span> <span class='ocrx_word' id='word_1_262' title='bbox 982 2922 1183 2967; x_wconf 46' lang='lat' dir='ltr'>insigem*</span> <span class='ocrx_word' id='word_1_263' title='bbox 1196 2928 1307 2958; x_wconf 78' lang='grc' dir='ltr'>Ταῦτα</span> <span class='ocrx_word' id='word_1_264' title='bbox 1320 2927 1366 2959; x_wconf 60' lang='grc' dir='ltr'>δι,</span> <span class='ocrx_word' id='word_1_265' title='bbox 1383 2924 1420 2957; x_wconf 68' lang='grc' dir='ltr'>ἂν</span> <span class='ocrx_word' id='word_1_266' title='bbox 1434 2921 1476 2966; x_wconf 85' lang='grc' dir='ltr'>μὴ</span> <span class='ocrx_word' id='word_1_267' title='bbox 1491 2921 1642 2958; x_wconf 72' lang='grc' dir='ltr'>τάναντία</span> <span class='ocrx_word' id='word_1_268' title='bbox 1655 2928 1808 2968; x_wconf 68' lang='grc' dir='ltr'>προαιρῆ-</span> 
     </span>
    </p>
   </div>
   <div class='ocr_carea' id='block_1_8' title="bbox 182 2971 1809 3017">
    <p class='ocr_par' dir='ltr' id='par_1_10' title="bbox 182 2971 1809 3017">
     <span class='ocr_line' id='line_1_33' title="bbox 182 2971 1809 3017; baseline -0.002 -9"><span class='ocrx_word' id='word_1_269' title='bbox 182 2988 247 3009; x_wconf 69' lang='grc' dir='ltr'><strong>ται.</strong></span> <span class='ocrx_word' id='word_1_270' title='bbox 272 2974 350 3017; x_wconf 79' lang='grc' dir='ltr'>ὅπερ</span> <span class='ocrx_word' id='word_1_271' title='bbox 373 2979 524 3007; x_wconf 79' lang='grc' dir='ltr'>ποιοῦσιν</span> <span class='ocrx_word' id='word_1_272' title='bbox 546 2973 623 3007; x_wconf 81' lang='grc' dir='ltr'>ὅταν</span> <span class='ocrx_word' id='word_1_273' title='bbox 645 2973 741 3015; x_wconf 72' lang='grc' dir='ltr'><strong>μηθὲν</strong></span> <span class='ocrx_word' id='word_1_274' title='bbox 758 2972 816 3014; x_wconf 78' lang='grc' dir='ltr'>μὲν</span> <span class='ocrx_word' id='word_1_275' title='bbox 833 2973 934 3015; x_wconf 76' lang='grc' dir='ltr'>ἔχωσι</span> <span class='ocrx_word' id='word_1_276' title='bbox 952 2973 1064 3013; x_wconf 80' lang='grc' dir='ltr'><strong>λέγειν,</strong></span> <span class='ocrx_word' id='word_1_277' title='bbox 1083 2978 1325 3015; x_wconf 75' lang='grc' dir='ltr'>προσποιῶνται</span> <span class='ocrx_word' id='word_1_278' title='bbox 1343 2971 1378 3004; x_wconf 83' lang='grc' dir='ltr'>δὲ</span> <span class='ocrx_word' id='word_1_279' title='bbox 1395 2985 1422 3004; x_wconf 87' lang='grc' dir='ltr'>τι</span> <span class='ocrx_word' id='word_1_280' title='bbox 1441 2972 1564 3014; x_wconf 80' lang='grc' dir='ltr'>λέγειν·</span> <span class='ocrx_word' id='word_1_281' title='bbox 1583 2972 1612 3005; x_wconf 77' lang='grc' dir='ltr'>οἱ</span> <span class='ocrx_word' id='word_1_282' title='bbox 1627 2972 1688 3015; x_wconf 78' lang='grc' dir='ltr'>γὰρ</span> <span class='ocrx_word' id='word_1_283' title='bbox 1703 2977 1809 3005; x_wconf 77' lang='grc' dir='ltr'><strong>τοιοῦ-</strong></span> 
     </span>
    </p>
   </div>
   <div class='ocr_carea' id='block_1_9' title="bbox 183 3017 1183 3158">
    <p class='ocr_par' dir='ltr' id='par_1_11' title="bbox 183 3017 1183 3158">
     <span class='ocr_line' id='line_1_34' title="bbox 183 3017 1183 3063; baseline -0.004 -9"><span class='ocrx_word' id='word_1_284' title='bbox 183 3035 233 3055; x_wconf 83' lang='grc' dir='ltr'>τοι</span> <span class='ocrx_word' id='word_1_285' title='bbox 253 3018 284 3054; x_wconf 77' lang='grc' dir='ltr'>ἓν</span> <span class='ocrx_word' id='word_1_286' title='bbox 299 3021 429 3061; x_wconf 71' lang='grc' dir='ltr'>ποιήσει</span> <span class='ocrx_word' id='word_1_287' title='bbox 445 3021 576 3063; x_wconf 76' lang='grc' dir='ltr'>λέγουσι</span> <span class='ocrx_word' id='word_1_288' title='bbox 593 3025 706 3060; x_wconf 74' lang='grc' dir='ltr'>ταῦτα,</span> <span class='ocrx_word' id='word_1_289' title='bbox 725 3017 790 3053; x_wconf 70' lang='grc' dir='ltr'>οἴην</span> <span class='ocrx_word' id='word_1_290' title='bbox 808 3019 1041 3061; x_wconf 75' lang='grc' dir='ltr'>Ἐμπεδοκλῆς.</span> <span class='ocrx_word' id='word_1_291' title='bbox 1059 3032 1089 3052; x_wconf 80' lang='grc' dir='ltr'>κ.</span> <span class='ocrx_word' id='word_1_292' title='bbox 1110 3032 1137 3052; x_wconf 85' lang='grc' dir='ltr'>τ.</span> <span class='ocrx_word' id='word_1_293' title='bbox 1155 3022 1183 3052; x_wconf 75' lang='grc' dir='ltr'>λ.</span> 
     </span>
     <span class='ocr_line' id='line_1_35' title="bbox 245 3069 461 3109; baseline 0.005 -10"><span class='ocrx_word' id='word_1_294' title='bbox 245 3081 273 3100; x_wconf 82' lang='lat'>2.</span> <span class='ocrx_word' id='word_1_295' title='bbox 299 3070 323 3105; x_wconf 82' lang='lat' dir='ltr'>l,</span> <span class='ocrx_word' id='word_1_296' title='bbox 343 3069 392 3103; x_wconf 84' lang='lat'>53,</span> <span class='ocrx_word' id='word_1_297' title='bbox 410 3080 461 3109; x_wconf 79' lang='lat'>9¹·</span> 
     </span>
     <span class='ocr_line' id='line_1_36' title="bbox 245 3116 493 3158; baseline -0.012 -10"><span class='ocrx_word' id='word_1_298' title='bbox 245 3117 274 3148; x_wconf 87' lang='lat'>3.</span> <span class='ocrx_word' id='word_1_299' title='bbox 300 3116 340 3151; x_wconf 87' lang='lat'>11,</span> <span class='ocrx_word' id='word_1_300' title='bbox 358 3125 394 3153; x_wconf 85' lang='lat'>11,</span> <span class='ocrx_word' id='word_1_301' title='bbox 415 3117 445 3151; x_wconf 84' lang='lat'>6,</span> <span class='ocrx_word' id='word_1_302' title='bbox 464 3127 493 3158; x_wconf 87' lang='lat'>7.</span> 
     </span>
    </p>
   </div>
  </div>
 </body>
</html>
