2394 3660
528 177 577 216 26
849 190 899 216 DE
930 189 1103 216 TRAGICA
1131 188 1403 215 AMBmmTA-rr:
1432 187 1538 214 APUD
1566 175 1800 214 summm.

526 277 619 316 cula
648 293 707 329 γ;,
738 278 859 327 cujus
888 277 970 314 vim
997 287 1094 314 cum
1121 276 1171 313 sit
1196 275 1362 326 duplex,
1385 286 1470 313 uno
1488 273 1691 313 vocabulo
1718 273 1842 312 latine
1870 284 1954 312 non
1979 278 2132 314 vertere

531 342 665 392 possis
680 352 708 379 ¹.
733 341 765 378 Υ
770 341 804 378 ir
835 340 946 378 enim
974 340 1186 384 Thracius,
1215 340 1288 390 qui
1326 340 1404 378 sub
1438 338 1685 389 ambagibus
1711 339 1921 377 veritatem
1960 339 2132 378 consilio

527 406 761 449 obumbrat,
784 406 837 443 ita
858 404 1089 455 respondet,
1113 409 1158 443 ut
1183 405 1393 454 intellegas
1421 405 1622 442 intactum
1649 415 1735 441 esse
1764 415 1929 447 aurum,
1961 415 2059 441 cum
2087 404 2132 442 in

529 471 701 509 aedibus
728 471 818 520 ‘ejus
839 469 1094 507 custoditum
1116 470 1180 513 sit,
1203 469 1245 507 in
1266 482 1347 520 qua
1367 469 1502 520 priore
1523 468 1787 506 translatione
1813 468 1991 506 enclitici
2011 468 2133 518 signi-

526 536 659 574 ticatio
687 535 928 572 affirmantis
958 539 1031 572 est.
1064 534 1199 572 Potest
1233 539 1370 572 autem
1402 534 1481 572 hoc
1512 534 1652 584 ipsum
1680 532 1934 584 vocabulum
1962 544 2131 572 sensum

522 601 649 638 alium
667 599 911 648 significare,
926 603 969 636 ut
991 611 1058 637 rex
1069 599 1202 637 dicere
1216 599 1484 643 existimetur,
1499 598 1654 636 salvam
1670 610 1756 636 esse
1767 597 2003 648 pecuniam,
2019 597 2133 647 quod

524 665 574 702 ad
595 675 690 701 eum
712 663 893 707 attineat,
916 664 1071 714 quippe
1091 676 1217 714 quam
1238 664 1282 702 in
1301 663 1472 702 aedibus
1494 663 1733 714 seposuerit.
1757 663 1821 701 Sic
1841 662 1985 700 callide
2005 662 2133 700 confi—

523 733 643 771 tetur,
668 740 708 765 se
730 739 926 766 nummos
946 740 967 766 a
994 728 1196 778 Polydoro
1216 729 1253 766 vi
1279 733 1459 779 arreptos
1480 740 1562 766 non
1589 727 1760 778 quidem
1785 727 2035 772 exhausisse,
2062 727 2132 765 sed

521 794 692 831 intactos
718 792 831 830 dorni
851 792 1085 831 condidisse
1098 804 1127 831 2.

576 857 757 895 Eandem
791 857 833 894 in
863 869 982 895 versu
1017 870 1115 896 1000
1144 858 1309 897 dicendi
1340 858 1541 897 rationem
1571 858 1834 896 inveniamus
1863 869 2028 896 necesse
2056 862 2130 901 est,

522 934 627 972 quae
648 934 729 960 non
751 922 962 971 legebatur
981 922 1153 973 quidem
1173 923 1215 961 in
1236 923 1366 967 libris,
1381 923 1559 961 mirabili
1579 928 1718 962 autem
1737 923 1893 973 ingenii
1915 922 2133 973 sagacitate

523 999 545 1025 a
565 987 611 1025 G.
637 987 874 1026 Hermanno
904 987 1089 1026 restituta
1115 988 1217 1026 est-⁹2.
1241 988 1343 1026 Nam
1371 1000 1468 1026 cum
1495 993 1599 1026 esset
1628 988 1825 1027 traditum
1846 1001 1853 1027 :

949 1086 1074 1128 Ἔστω
1093 1087 1263 1140 φιληθεὶς
1283 1089 1334 1137 ὡς
1354 1089 1394 1128 σὺ
1410 1093 1470 1128 νῦν
1491 1088 1572 1139 ἐμοὶ
1593 1090 1708 1141 φιλεῖ,

521 1200 631 1251 quod
663 1199 777 1238 nullo
802 1204 921 1250 pacto
948 1200 1098 1249 legenti
1136 1200 1343 1245 satisfacit,
1374 1200 1537 1250 collegit
1565 1200 1732 1239 criticus
1760 1212 1939 1240 errorem
1965 1201 2009 1240 in
2035 1203 2130 1242 ἔστω

519 1266 660 1304 iacere.
691 1265 823 1315 Quam
851 1265 903 1303 ob
931 1277 1098 1303 causam
1127 1266 1303 1316 scripsit,
1334 1265 1445 1316 quod
1471 1266 1667 1304 omnibus
1693 1265 1915 1317 probatum
1934 1271 2021 1306 est:

908 1364 1036 1416 ''Ee-„2
1059 1365 1089 1406 ὦ
1110 1365 1277 1418 φιληθεὶς
1297 1367 1348 1413 ὡς
1367 1367 1407 1405 σὺ
1427 1369 1486 1405 νῦν
1507 1366 1590 1417 ἐμοὶ
1611 1367 1726 1419 φιλεῖ,

570 1477 774 1516 Sententia
809 1478 977 1528 quidem
1013 1489 1093 1516 non
1134 1478 1373 1516 absolvitur.
1419 1477 1632 1529 Contingit
1669 1478 1780 1516 enim
1814 1478 1991 1530 saepius,
2032 1491 2130 1518 cum

518 1545 794 1596 :azamensem
823 1555 1034 1593 personae.
1058 1547 1118 1587 ut,
1150 1555 1235 1580 uno
1272 1547 1432 1581 tantum
1453 1555 1573 1581 versu
1594 1543 1875 1594 pronuntiato,
1908 1556 2053 1583 sensus
2080 1545 2131 1583 sit

514 1607 821 1659 imperfectuslt.
863 1608 969 1646 Turn
1007 1608 1106 1646 alter
1143 1612 1268 1651 actor,
1309 1608 1521 1658 interjecto
1559 1609 1757 1651 trimetro.
1794 1608 1969 1647 alterum
2006 1610 2131 1648 conti-

514 1685 597 1712 nuo
620 1672 907 1723 interrogabat.
932 1673 1004 1724 qui
1024 1673 1312 1724 respondendo
1341 1673 1465 1724 primi
1492 1685 1633 1711 versus
1661 1674 1905 1712 sententiam
1934 1675 1977 1712 in
2014 1675 2130 1713 tertio

511 1739 747 1777 absolveret.

566 1804 786 1854 Postquam
808 1804 935 1853 igitur
956 1804 1123 1842 Hecuba
1146 1804 1380 1843 trimetrum
1408 1817 1505 1843 1ooo
1531 1805 1672 1849 edidit,
1695 1805 1816 1855 cujus
1836 1805 2010 1844 verbum
2033 1806 2128 1846 ἔστιν

516 1869 701 1919 subjecto
734 1875 855 1913 caret,
897 1870 951 1907 ita
988 1870 1264 1919 interrogatur
1301 1882 1322 1907 a
1359 1870 1649 1920 Polymestore,
1687 1875 1732 1908 ut
1769 1870 1873 1908 illud
1908 1872 2001 1911 ἔστιν
2030 1883 2128 1910 cum

513 1932 729 1986 κατώρυχες
757 1934 810 1983 (κ’.
841 1935 952 1978 1002)
975 1935 1243 1983 grammatice
1264 1935 1526 1984 jungendum
1549 1935 1613 1979 sit,
1637 1947 1681 1973 ea
1704 1935 1835 1985 figura
1860 1948 1965 1986 quae
1986 1935 2129 1974 Pinda-

515 1998 597 2036 rica
626 1999 836 2036 vocaturi».
868 1998 1107 2048 Legendum
1140 2004 1199 2037 est
1233 2000 1359 2041 enim,
1392 2011 1474 2037 non
1505 1999 1620 2038 aliter
1652 2012 1697 2037 ac
1733 2000 1766 2037 si
1799 2000 2006 2039 distichon
2044 2012 2128 2039 uno

511 2067 648 2102 tenore
674 2064 910 2102 recitaretur
929 2077 936 2102 ε

902 2151 1025 2204 ”Εστ’,
1050 2152 1078 2192 ὦ
1100 2153 1269 2206 φιληθεὶς
1290 2155 1341 2202 ὡς
1364 2155 1402 2193 σὺ
1423 2156 1484 2193 νῦν
1505 2154 1586 2204 ἐμοὶ
1608 2155 1723 2206 φιλεῖ,

905 2223 1042 2272 χρυσοῦ
1063 2220 1219 2259 παλαιαὶ
1243 2221 1454 2273 Πριαμιέὤν
1470 2217 1686 2273 κατώρυχες
1698 2223 1728 2257 0.

563 2329 690 2368 Nemo
725 2330 814 2380 jam
854 2342 936 2368 non
976 2336 1112 2369 mente
1147 2332 1394 2382 assequitur,
1427 2331 1529 2382 quid
1565 2332 1643 2370 sibi
1672 2332 1767 2370 velit
1810 2331 1990 2376 Hecuba,
2027 2343 2125 2370 cum

513 2402 687 2440 obseura
707 2406 745 2439 et
767 2402 972 2452 implicata
988 2402 1185 2453 loquendi
1202 2403 1356 2441 ratione
1377 2415 1465 2444 usa.
1485 2403 1605 2453 cujus
1620 2403 1825 2454 permulta
1848 2403 1925 2441 alia
1941 2403 2126 2454 exempla

509 2467 644 2504 referri
664 2471 853 2516 possunt,
877 2468 1091 2518 profitetur
1112 2480 1152 2505 se
1173 2468 1378 2518 hospitem
1399 2468 1547 2508 odisse.
1571 2468 1727 2506 nedum
1747 2480 1843 2506 eum
1864 2468 2050 2518 diligat7.

566 2531 610 2568 In
632 2536 809 2570 extrema
831 2544 974 2570 scenae
993 2537 1121 2583 parte,
1143 2545 1280 2582 regem
1304 2533 1489 2571 hortatur
1509 2538 1550 2571 ut
1571 2534 1611 2571 in
1630 2533 1851 2572 tentorium
1868 2533 2123 2584 captivarum

569 2666 592 2684 1.
619 2655 667 2685 Cf.
688 2656 829 2692 Kriiger.
850 2655 971 2685 Griech.
990 2656 1209 2694 Sprachlehre,
1233 2656 1366 2697 ςῦςμῦ.

563 2714 590 2732 2.
623 2702 704 2731 ltem
723 2710 837 2731 versus
851 2702 943 2742 Ἤδη
960 2712 1028 2733 non
1047 2705 1163 2733 minus
1185 2705 1226 2734 ad
1251 2714 1312 2739 res,
1337 2713 1422 2742 quas
1441 2706 1519 2744 jure
1544 2705 1753 2743 Polymestor
1773 2707 1924 2744 occupat.
1950 2707 2123 2744 assignare

514 2753 617 2788 potes,
636 2759 738 2787 qnam
756 2750 795 2779 ad
814 2752 1004 2788 pecuniam,
1022 2760 1127 2788 quam
1145 2752 1246 2783 idern.
1258 2753 1367 2781 occiso
1384 2753 1526 2791 hospite.
1547 2753 1672 2782 nefarie
1688 2753 1829 2791 adeptus
1845 2755 1904 2783 est.

563 2797 591 2826 3.
619 2798 654 2827 ln
672 2796 812 2826 Hecubae
829 2799 1032 2830 recensione.
1050 2807 1154 2836 quam
1172 2800 1334 2837 Berotini,
1352 2800 1441 2838 apud
1461 2799 1718 2833 U'eidmannos.
1737 2809 1827 2830 anno
1848 2799 1935 2840 1831,
1953 2801 2069 2831 edidit.

562 2847 589 2877 si.
616 2844 663 2873 Ct'.
683 2845 769 2880 nec„
792 2845 867 2885 1259
883 2855 955 2883 sqq,
978 2855 1048 2884 ¹²7¹
1070 2855 1189 2883 sqq.—
1208 2846 1309 2885 Iphiy.
1329 2847 1359 2876 in
1375 2847 1461 2882 Aul„
1486 2857 1543 2886 797
1561 2857 1633 2885 sqq.
1648 2865 1687 2869 —
1703 2847 1804 2886 lphiy.
1827 2848 1932 2881 Taur..
1957 2858 2017 2888 929
2033 2857 2120 2886 sqq„

513 2891 587 2926 1034
605 2900 677 2929 sqq.
691 2908 726 2913 —
744 2891 840 2928 Med„
857 2891 917 2931 579
933 2902 1003 2930 sqq.
1019 2910 1058 2915 —-
1072 2893 1153 2922 Vide
1171 2892 1258 2932 infra
1269 2894 1360 2932 quod
1377 2895 1418 2924 de
1430 2895 1582 2924 versibus
1600 2895 1656 2934 7¹3
1668 2904 1740 2933 sqq.
1754 2895 1895 2925 Herculis
1907 2897 2118 2934 scripsimus.

559 2939 586 2967 5.
613 2941 728 2978 Σχῆμα
747 2939 949 2980 Πινδαρικόν,
967 2941 1059 2977 quod
1075 2943 1204 2970 constat
1221 2942 1400 2979 praecipue
1416 2951 1493 2972 cum
1513 2943 1623 2972 verbis
1641 2943 1740 2980 ἔστιν,
1757 2935 1807 2981 ἦν,
1825 2943 1962 2983 γίγνεται
1979 2952 2122 2982 usurpa-

506 2987 578 3015 tum
600 2993 680 3014 esse.
696 3002 730 3007 -—
749 2986 797 3015 Cf.
817 2986 958 3023 Kriiger,
977 2996 1028 3025 op.
1045 2986 1113 3023 cit.‚
1136 2993 1149 3021 s
1170 2987 1219 3022 64.
1238 2988 1267 3022 4.
1283 2989 1312 3023 4.

556 3033 585 3061 6.
610 3033 697 3069 Hec.,
719 3041 805 3064 tooo.
828 3042 913 3062 1002.

562 3090 589 3118 7.
614 3080 727 3118 Supra.
752 3089 784 3118 p.
808 3089 852 3119 ¹9·
