2394 3660
825 31 833 48 Χ

668 140 798 168 CAPUT
828 140 865 166 x.
894 149 937 156 -
968 138 1019 164 m:
1049 136 1287 164 Taoamsscs.
1737 122 1786 161 35

485 445 705 497 CAPUT
749 444 809 495 X.
837 472 901 480 —
934 442 1020 493 DE
1063 439 1474 492 TROADIBUS.

918 584 1055 591 ——-

229 747 392 787 Scimus
426 744 605 786 Troadas
631 743 790 783 circiter
816 744 960 782 decem
986 754 1117 782 annos
1145 747 1239 793 post
1262 741 1460 784 fabulam,
1493 753 1598 792 quae
1631 737 1795 778 Hecuba

175 811 427 855 inscribitur,
458 821 546 849 esse
574 809 729 849 doctas.
754 809 1008 859 Spectatores
1038 808 1166 858 igitur
1190 807 1389 846 ludorum
1419 806 1491 857 qui
1517 817 1626 844 anno
1652 804 1727 845 415
1755 817 1790 842 a.

175 878 218 917 C.
238 875 564 918 celebrabantur,
589 873 782 912 nondum
808 873 927 912 obliti
953 877 1068 911 erant
1097 872 1139 910 in
1166 872 1243 911 hac
1272 872 1478 922 tragoedia
1506 871 1751 920 Polyxenam
1773 881 1793 906 a

174 942 399 981 victoribus
437 939 607 979 Achillis
647 938 840 977 Manibus
874 937 1130 988 jamdudum
1169 950 1256 976 esse
1294 937 1491 976 oblatam.
1522 959 1570 964 —
1601 935 1651 973 At
1683 934 1794 973 enim

175 1006 381 1057 tragoedia
419 1004 619 1044 Troadum
659 1004 692 1042 si
727 1008 911 1055 tempore
950 1015 1034 1054 quo
1072 1008 1160 1042 acta
1198 1007 1258 1041 est
1292 1007 1386 1054 post
1418 1001 1636 1044 Hecubam,
1672 1000 1796 1038 rebus

174 1073 334 1115 saltem,
361 1082 468 1121 quae
494 1070 536 1108 in
564 1082 609 1108 ea
641 1069 920 1113 continentur,
949 1073 1043 1107 ante
1077 1067 1252 1106 eandem
1285 1067 1470 1106 fabulam
1499 1065 1690 1116 ponenda
1720 1068 1794 1107 est,

174 1149 272 1177 cum
302 1137 344 1175 in
373 1136 450 1175 hac
480 1135 556 1174 iter
582 1135 633 1174 ad
663 1135 875 1174 Graeciam
904 1138 1116 1173 matronae
1145 1134 1328 1185 captivae
1349 1134 1438 1184 jam
1465 1133 1672 1182 ingressae
1699 1130 1794 1173 sint,

174 1203 279 1243 dum
307 1203 349 1240 in
380 1202 450 1241 illa
477 1200 668 1240 nondum
694 1200 849 1251 patriae
878 1200 977 1239 litus
1008 1200 1262 1251 reliquerint.
1295 1199 1394 1237 Inde
1421 1211 1505 1237 non
1532 1198 1620 1236 sine
1645 1195 1798 1247 injuria

175 1268 317 1307 mirari
343 1279 585 1318 possumus,
610 1266 643 1304 si
670 1266 918 1317 Polyxenam
946 1265 989 1303 in
1018 1265 1182 1304 Hecuba
1207 1269 1326 1316 poeta
1351 1264 1483 1302 vivere
1512 1262 1672 1306 dixerit,
1694 1261 1798 1299 dum

175 1333 218 1372 in
249 1332 470 1372 Troadibus
491 1332 580 1383 jam
605 1331 739 1370 occisa
760 1331 825 1370 sit.
849 1353 899 1359 —
919 1330 1009 1369 Non
1030 1330 1072 1368 id
1093 1329 1264 1381 quidem
1286 1334 1420 1368 tantae
1446 1327 1701 1366 difficultatis
1722 1330 1796 1369 est,

175 1403 354 1450 quantae
384 1397 558 1436 videtur.
592 1396 728 1435 Finxit
760 1396 872 1435 enim
907 1395 1125 1446 Euripides
1161 1395 1203 1433 in
1236 1394 1400 1434 Hecuba
1435 1394 1564 1432 serius
1598 1403 1726 1443 quam
1756 1391 1799 1429 in

180 1463 400 1503 Troadibus
434 1466 655 1502 mactatam
689 1473 777 1500 esse
810 1461 1040 1511 virginem:
1063 1460 1177 1511 quod
1211 1460 1247 1498 ei
1280 1459 1379 1497 vitio
1413 1471 1498 1497 non
1527 1458 1615 1495 dari
1649 1460 1797 1508 potest,

175 1540 274 1567 cum
312 1527 549 1566 fabularum
586 1531 832 1576 argumenta
871 1526 1067 1564 innovare
1101 1529 1140 1563 et
1178 1528 1436 1563 commutare
1468 1523 1599 1574 poetis
1636 1521 1800 1571 tragicis

176 1593 334 1644 ubique
363 1592 537 1631 licuerit.

230 1657 372 1697 Graeci
406 1669 500 1696 vero
535 1668 695 1700 omne&
729 1667 827 1694 cum
865 1655 1039 1694 Troades
1073 1655 1333 1698 docerentur,
1370 1657 1500 1692 matre
1532 1652 1799 1702 Talthybium

178 1724 455 1773 interrogante
482 1734 589 1773 quae
618 1733 706 1760 sors
731 1721 840 1758 filiae
866 1725 985 1764 esset,
1009 1720 1257 1770 Polyxenam
1277 1731 1298 1757 e
1318 1719 1398 1757 vita
1414 1718 1504 1768 jam
1524 1730 1612 1756 esse
1636 1717 1801 1756 defunc-

177 1793 261 1828 tam
289 1788 486 1827 sciebant.
510 1786 633 1837 Quod
659 1791 798 1824 tamen
825 1797 923 1824 cum
954 1789 1064 1824 vates
1091 1797 1175 1823 non
1205 1788 1343 1836 aperte
1368 1783 1626 1827 confiteatur,
1657 1793 1801 1820 rursus

177 1853 401 1893 sciscitanti
417 1852 611 1891 Hecubae
631 1851 800 1890 cuinam
816 1850 1067 1890 Graecorum
1087 1849 1181 1889 data
1198 1850 1262 1894 sit,
1283 1847 1502 1899 respondet
1521 1859 1613 1888 eam
1629 1845 1801 1887 Achiuis

178 1919 342 1958 tumulo
368 1917 699 1957 ministraturam
724 1928 826 1955 esse.
857 1915 1035 1955 Graece:

548 2019 682 2071 Τύμὸῳ
702 2019 875 2059 τέτακται
896 2017 1123 2070 προσπολεῖν
1151 2014 1366 2070 Ἀχιλλέως
1381 2027 1409 2054 ¹.

229 2137 351 2190 Quod
377 2149 501 2177 nemo
529 2148 615 2176 non
642 2135 766 2175 sentit
790 2147 863 2187 per
888 2135 1085 2186 ambages
1112 2147 1200 2174 esse
1227 2133 1505 2173 enuntiatum.
1530 2132 1634 2172 Rem
1663 2135 1802 2172 tamen

176 2205 389 2245 insolitam
404 2215 492 2243 esse
509 2202 678 2242 Hecuba
699 2201 919 2241 existimat.
940 2201 1083 2253 Itaque
1103 2214 1111 2239 2
1139 2215 1157 2237 «
1176 2200 1241 2245 At,
1260 2211 1428 2252 quaeso,
1447 2198 1598 2250 inquit,
1618 2210 1725 2250 quae
1744 2202 1805 2236 est

177 2283 223 2310 ea
248 2271 326 2315 lex,
359 2269 504 2320 quisve
530 2269 648 2312 ritus,
672 2279 757 2320 quo
785 2272 926 2307 natam
957 2278 1093 2305 meam
1120 2266 1299 2318 sepulcri
1326 2264 1562 2304 ministram
1582 2275 1670 2303 esse
1689 2263 1806 2303 adhi-

178 2334 374 2375 bueritis?
392 2349 411 2372 n
444 2333 521 2373 Cui
550 2333 645 2373 ille:
678 2332 862 2372 «Natam
890 2332 1023 2376 crede,
1060 2331 1130 2376 ait,
1159 2343 1248 2370 esse
1280 2330 1469 2370 felicem:
1493 2329 1598 2368 bene
1628 2341 1725 2368 cum
1759 2341 1806 2368 ea

183 2405 323 2440 actum
349 2404 422 2439 est.
444 2414 462 2435 η

553 2475 789 2526 Εὐδαιμένιζε
809 2475 924 2515 παῖδα
945 2477 1010 2525 σήν
1029 2485 1037 2494 ·
1062 2475 1139 2527 ἔχε’.
1158 2474 1288 2522 καλῶς
1302 2484 1332 2510 ².

236 2596 456 2636 Veritatem
490 2595 726 2646 suspicatur
757 2607 877 2633 anus.
917 2595 1078 2633 Rursus
1112 2594 1252 2632 enim:
1279 2592 1429 2642 «Quid
1463 2591 1617 2635 dixisti,
1654 2590 1805 2642 inquit,

183 2662 335 2701 solisne
361 2661 497 2701 lucem
523 2661 656 2700 videt?
675 2675 693 2698 η
717 2660 868 2700 Contra
895 2659 1139 2711 Talthybius
1160 2672 1167 2697 :
1195 2659 1390 2698 «Sortem
1416 2657 1525 2696 hanc
1559 2657 1697 2702 habet,
1727 2668 1809 2707 qua

182 2728 235 2768 ab
261 2727 470 2768 aerumnis
498 2727 669 2766 liberata
695 2726 760 2765 sit.
782 2741 800 2763 »

554 2825 662 2881 Ἔχει
684 2829 825 2877 πότμος
844 2841 912 2877 νιν,
936 2826 1023 2866 ὥστ’
1040 2826 1286 2879 ἀπηλλάχθαι
1308 2827 1429 2866 πόνων
1441 2825 1473 2863 3.

235 2963 265 3079 ὲ.
289 2952 422 3079 Ξιέᾘις
440 2951 512 3032 Ξὲἓῖ
534 2998 725 3032 ’Aminean
741 2999 957 3038 Talthybius,
975 3001 1014 3030 ut
1032 3000 1105 3038 ipse
1121 3001 1263 3030 testatur
1280 2999 1485 3029 scholiastes.

259 3072 266 3080 .
336 3058 346 3079 ι
367 3057 427 3085 em,
447 3056 519 3088 270.
