2394 3660
524 143 575 187 40
848 155 897 180 DE
927 154 1099 180 'RRAGICA
1130 154 1404 181 AMBIGUITATE
1433 155 1542 203 AIJL'D
1571 155 1809 182 EURIPIDEW.

861 450 1082 500 CAPUT
1129 451 1245 500 ΧΗ.
1274 481 1337 486 -
1373 452 1457 500 DE
1504 452 1793 505 HELENA.

574 759 810 809 Tragoedia,
836 759 867 797 si
890 759 983 809 jure
1011 759 1181 810 quidem
1210 771 1362 798 nomen
1391 760 1494 798 illud
1521 760 1619 799 huic
1645 760 1758 811 operi
1785 759 1997 802 indideris,
2027 760 2139 811 quod

520 826 563 862 in
599 824 810 862 nonnullis
845 824 1030 874 partibus
1064 836 1086 862 a
1120 825 1272 873 tragica
1303 825 1515 875 majestate
1545 824 1706 862 videtur
1735 824 1847 862 haud
1881 823 2140 863 mediocriter

521 890 751 930 abhorrere,
782 888 1035 938 singularem
1060 888 1197 927 locum
1223 890 1329 927 inter
1355 895 1507 928 ceteras
1536 889 1746 940 Euripidis
1773 888 1935 927 fabulas
1965 889 2135 929 obtinet.

522 955 827 1004 Argumentum
847 954 957 991 enim
980 966 1112 1004 neque
1132 966 1370 998 commune,
1395 967 1529 1005 neque
1549 955 1599 993 de
1620 955 1757 993 medio
1779 959 2010 1006 sumptum.
2035 955 2139 994 Nam

522 1019 694 1068 scriptor
731 1018 782 1056 ab
821 1018 1000 1056 Homero
1038 1018 1208 1068 quidem
1242 1018 1462 1063 dissidens,
1500 1019 1760 1057 notissimam
1793 1031 1887 1057 vero
1922 1019 2139 1058 Stesichori

523 1083 775 1133 palinodiam
794 1088 973 1127 secutus,
993 1083 1111 1122 finxit
1128 1084 1325 1121 Helenam
1343 1084 1505 1133 Trojam
1523 1096 1605 1121 non
1623 1084 1757 1128 ivisse,
1775 1083 1937 1122 Junone
1954 1089 2137 1129 curante,

523 1149 574 1186 ab
595 1148 824 1186 Alexandro
844 1160 890 1185 ac
911 1148 1086 1198 Cypride
1106 1160 1259 1198 poenas
1280 1148 1444 1199 petendi
1466 1160 1604 1189 causa.
1628 1153 1674 1186 ut
1695 1160 1797 1186 uxor
1817 1148 1905 1198 ipsa
1927 1149 2097 1187 Menelai
2118 1162 2140 1188 a

523 1213 724 1251 Mercurio
746 1212 905 1251 sublata
922 1214 963 1251 in
983 1214 1217 1264 Aegyptum
1238 1214 1535 1264 deportaretur.
1555 1225 1652 1251 cum
1670 1213 1821 1251 Priami
1841 1213 1952 1252 filius
1973 1215 2140 1254 inanem

524 1278 709 1316 mulieris
730 1277 909 1327 effigiem
932 1290 1072 1316 secum
1093 1278 1280 1317 auferret.

574 1343 898 1392 Agamemnonis
933 1343 1060 1392 igitur
1093 1343 1226 1387 frater,
1258 1343 1378 1393 Troja
1407 1348 1539 1394 capta,
1570 1355 1653 1381 non
1685 1343 1818 1393 ipsam
1847 1344 2070 1393 conjugem
2099 1345 2140 1383 in

525 1420 626 1446 nave
666 1408 828 1451 revexit,
861 1408 931 1445 sed
960 1420 1133 1446 vacuam
1163 1409 1371 1446 umbram.
1406 1408 1485 1446 Ubi
1514 1420 1608 1446 vero
1638 1408 1769 1446 ventis
1798 1412 1836 1446 et
1865 1409 2064 1447 fluetibus
2091 1410 2141 1448 ad

527 1473 822 1523 Aegyptiorum
849 1473 948 1510 litus
978 1474 1179 1523 appulsus
1213 1478 1286 1517 est,
1315 1473 1533 1511 mulierem
1562 1473 1774 1524 quandam
1803 1473 1920 1510 vultu
1948 1478 1985 1511 et
2012 1474 2140 1512 forma

522 1538 639 1575 uxori
662 1550 758 1576 suae
779 1537 1035 1575 simillimam
1053 1538 1103 1575 ad
1122 1550 1162 1576 se
1183 1538 1413 1576 venientem
1430 1538 1642 1588 prospicit.
1663 1538 1851 1576 Primum
1867 1538 1923 1576 rei
1940 1539 2142 1577 miraculo

522 1603 718 1641 attonitus
752 1615 976 1653 parumper
1009 1602 1276 1653 obstupescit.
1307 1603 1456 1641 deinde
1489 1615 1667 1641 errorem
1702 1603 1902 1652 agnoscit,
1940 1615 2024 1654 quo
2057 1609 2140 1642 tani

520 1669 663 1707 multis
691 1669 810 1707 annis
837 1668 1034 1719 deceptus
1063 1673 1136 1712 est,
1167 1673 1290 1719 atque
1316 1669 1514 1707 Helenam
1545 1681 1628 1707 non
1654 1669 1812 1706 diutius
1839 1668 2001 1707 dubitat
2027 1669 2141 1708 fateri

522 1746 692 1772 uxorem
722 1746 840 1771 suam
868 1746 967 1772 esse.

574 1799 618 1837 ln
650 1799 772 1837 altera
807 1811 900 1837 vero
935 1800 1163 1848 tragoediae
1192 1804 1320 1850 parte,
1350 1800 1466 1838 dolos
1493 1804 1630 1837 noster
1659 1799 1702 1837 in
1733 1810 1898 1837 scenam
1930 1799 2138 1849 produxit,

522 1864 676 1914 quibus
707 1864 768 1902 usi
799 1868 897 1902 sunt
923 1864 1060 1908 ambo,
1090 1869 1136 1902 ut
1162 1877 1209 1902 ex
1235 1865 1419 1915 Aegypto
1441 1865 1482 1902 in
1504 1864 1678 1915 patriam
1706 1864 1989 1913 confugerent.
2014 1865 2142 1903 Theo-

523 1928 732 1977 clymenos
755 1928 880 1971 enim,
905 1928 1037 1966 Protei
1060 1928 1185 1972 filius,
1209 1940 1347 1966 amore
1369 1933 1528 1978 captus,
1551 1928 1751 1965 Helenam
1778 1927 1927 1966 ducere
1952 1928 2109 1966 volebat
2131 1941 2138 1966 :

522 1993 633 2043 quod
654 1993 775 2042 fugae
795 1992 1004 2031 faciendae
1024 1993 1196 2031 consilio
1216 2005 1468 2043 magnopere
1489 1993 1690 2031 obstabat.
1715 1992 1874 2030 Fraude
1895 1997 2031 2030 tamen
2055 2005 2139 2031 rem

521 2057 756 2108 expediunt,
782 2062 826 2095 ut
847 2057 897 2096 ad
919 2058 1045 2095 finem
1068 2058 1202 2109 operis
1231 2059 1364 2096 virum
1395 2063 1433 2096 et
1459 2069 1628 2095 uxorem
1658 2058 1699 2095 in
1728 2058 1859 2095 altum
1886 2069 1998 2095 mare
2027 2058 2141 2096 evehi

523 2123 750 2161 videamus.
1742 2156 1746 2159 .

575 2189 729 2227 Novam
766 2189 891 2239 igitur
924 2189 1128 2227 habemus
1162 2190 1360 2234 fabulam,
1393 2202 1413 2228 e
1444 2189 1609 2227 duabus
1644 2189 1833 2239 partibus
1867 2193 2138 2232 constantem,

523 2266 627 2304 quae
657 2254 761 2291 inter
791 2266 832 2291 se
862 2266 1012 2304 parum
1043 2254 1329 2292 similitudinis
1359 2254 1568 2305 praebent.
1601 2254 1646 2292 In
1681 2266 1764 2292 una
1798 2254 1924 2295 enim.
1957 2266 2054 2292 cum
2090 2255 2139 2292 sit

523 2320 688 2370 duplex,
714 2324 759 2356 ut.
781 2319 838 2356 sic
859 2319 1047 2362 dixerim,
1071 2319 1242 2357 Menelai
1263 2332 1378 2363 uxor,
1403 2320 1615 2370 quaeritur
1641 2324 1679 2357 et
1703 2319 1952 2357 discernitur
1979 2324 2068 2357 utra
2091 2320 2138 2357 sit

521 2385 608 2435 ipsa
630 2384 802 2428 IIelena;
827 2384 867 2421 in
890 2384 1013 2422 altera
1039 2389 1178 2422 autem
1206 2385 1425 2435 exponitur
1451 2397 1532 2435 qua
1562 2385 1730 2428 ratione,
1761 2384 1935 2434 conjuge
1966 2389 2138 2434 reperto.

522 2461 568 2486 ex
590 2449 773 2499 Aegypto
793 2448 948 2486 evadat.
974 2449 1105 2487 Facile
1126 2449 1310 2499 quidem,
1335 2461 1466 2499 spero,
1490 2449 1702 2489 concedes,
1723 2461 1769 2487 ex
1786 2448 1849 2486 his
1867 2454 1949 2486 tam
1969 2449 2140 2487 diversis

523 2513 709 2563 partibus
730 2525 847 2562 aegre
868 2513 1077 2563 componi,
1101 2514 1211 2564 quod
1236 2514 1408 2564 simplex
1429 2519 1465 2551 et
1487 2526 1621 2551 unum
1644 2514 1707 2551 sit.

574 2578 687 2628 Opus
731 2583 869 2616 tamen
911 2578 1068 2616 mirum
1111 2583 1149 2616 et
1193 2583 1493 2629 portentosum,
1536 2583 1581 2616 ut
1620 2578 1775 2627 tragico
1813 2578 1946 2615 colore
1992 2591 2139 2628 parum

521 2643 713 2687 enitebat,
732 2643 787 2681 ita
808 2648 944 2681 tamen
966 2643 1078 2692 vulgi
1099 2644 1339 2694 opinionem
1356 2645 1538 2681 multum
1561 2643 1807 2686 offendebat,
1826 2642 1938 2692 quod
1956 2643 2140 2692 placebat

521 2707 722 2758 Euripidi,
752 2709 941 2746 novitatis
968 2714 1108 2759 poetae
1138 2710 1328 2747 omnium
1357 2709 1676 2747 studiosissimo.
1703 2708 1804 2746 Yera
1832 2709 1942 2746 enim
1970 2709 2136 2751 Helena,

521 2785 625 2822 quae
647 2773 734 2810 sine
756 2773 837 2811 ulla
858 2774 1162 2812 intermissione
1182 2774 1318 2812 virum
1350 2774 1476 2812 invita
1506 2774 1547 2811 in
1575 2785 1753 2811 errorem
1782 2773 2018 2818 inducebat,
2041 2786 2138 2812 cum

521 2850 617 2875 eum
652 2843 790 2875 contra
824 2838 1094 2876 libentissime
1122 2839 1309 2877 illuderet
1336 2840 1435 2877 salsa
1463 2839 1648 2888 ejusdem
1680 2838 1849 2888 effigies,
1879 2839 2137 2877 occasionem

519 2901 642 2940 dabat
673 2903 873 2952 scriptori.
906 2903 1031 2941 modo
1060 2905 1252 2944 comicas,
1281 2905 1405 2943 modo
1437 2904 1609 2953 tragicas
1640 2915 1780 2941 scenas
1811 2903 1852 2940 in
1884 2915 1966 2941 una
2001 2903 2138 2942 fabula

518 2967 813 3016 conjungendi,
843 2968 996 3017 quibus
1026 2974 1301 3019 spectatorum
1332 2970 1459 3007 animi
1489 2970 1529 3006 in
1559 2969 1807 3007 contrariam
1835 2972 1993 3018 partem
2020 2968 2139 3007 vehe-

520 3037 676 3070 menter
697 3031 1032 3072 distraherentur.
1060 3034 1161 3072 Nam
1185 3035 1392 3084 sexaginta
1414 3046 1544 3073 annos
1565 3035 1724 3072 circiter
1745 3037 1967 3084 postquam
1988 3033 2138 3073 Persae
