2394 3660
0 1268 32 1299 ’Χ

33 1299 142 1404 N

729 179 858 206 CAPUT
888 177 974 203 vm.
996 188 1043 192 —-
1075 177 1125 202 m:
1154 176 1258 202 1055.
1755 166 1803 204 33

193 267 306 317 quod
328 268 360 306 is
381 272 526 318 sponte
546 267 756 307 concedit:
783 282 799 303 (ι
815 266 925 315 Quid
947 265 997 303 sit
1013 265 1125 303 enim
1146 264 1282 314 majus
1300 264 1343 302 in
1364 263 1481 306 votis,
1506 263 1655 314 inquit,
1678 275 1806 313 quam

192 332 304 370 Jovis
330 332 404 370 filii
430 345 518 371 esse
545 333 734 370 nnuma»
758 332 932 370 Graece:
1230 323 1234 330 ’

656 431 726 472 Καὶ
745 433 780 471 τί
803 432 1036 481 ’βευλέμεσθσὶ
1055 430 1091 480 γ’
1110 430 1208 469 ἄλλο
1215 459 1292 469 .....

655 497 679 546 ἢ
701 498 785 544 Athe
803 497 934 544 παιδἐς
951 497 1121 546 γενέσθαι
1142 499 1231 543 παῖς
1245 494 1254 512 ¹
1265 525 1341 534 .....

194 614 308 665 quod
327 614 368 652 in
390 618 565 665 utraque
585 618 699 665 parte
715 614 837 652 rebus
858 613 958 664 ipsis
978 612 1314 651 confirmandum
1336 617 1434 655 erat,
1453 612 1536 650 sive
1555 624 1577 650 e
1602 623 1709 661 rege,
1729 611 1813 649 sive

196 691 217 718 e
237 679 313 718 deo
332 683 447 718 ortus
467 683 586 717 esset.
611 679 725 717 Prior
740 679 852 716 enim
874 691 896 717 a
924 679 1023 716 Jove
1051 678 1253 724 originem
1281 677 1472 718 ducebat.
1495 689 1593 715 cum
1613 676 1665 714 ab
1691 676 1815 714 Aeolo

196 743 361 794 genitus
398 747 517 787 esset,
552 743 664 781 Jovis
698 743 822 781 silton.
860 743 1094 793 Apollinem
1129 755 1223 781 vero
1259 754 1341 780 non
1371 742 1512 780 minus
1546 746 1651 780 recte
1684 740 1812 781 dicas.

197 813 326 848 matre
351 808 519 851 Latona,
547 807 658 846 Jovis
685 820 773 846 esse
800 808 949 846 filium.
974 807 1059 846 Hoc
1089 812 1249 846 tantum
1279 807 1405 856 igitur
1430 806 1658 849 differebat,
1687 805 1814 856 quod.

199 873 386 924 Apolline
416 877 543 924 patre,
578 873 650 911 lon
679 873 790 911 ,lox-is
830 885 971 924 nepos.
1008 872 1111 910 dum
1145 886 1166 911 e
1200 872 1353 916 Xutho,
1388 883 1592 923 pronepos
1626 875 1722 910 erat.
1762 869 1816 908 Ex

198 942 373 989 utroque
393 941 546 980 autem,
566 938 648 976 sive
670 951 716 976 ex
738 938 920 982 bomine,
946 938 1028 976 sive
1052 942 1193 976 contra
1214 950 1234 975 e
1255 937 1345 981 deo,
1369 942 1458 985 παῖς
1479 938 1564 984 Δίες
1584 937 1713 984 παιδός
1733 940 1816 974 erat

197 1003 500 1053 agnoscendus.

249 1067 466 1106 Interdum
487 1080 552 1106 rex
574 1081 671 1106 cuin
695 1068 833 1107 lonem
856 1069 1015 1119 prolem
1036 1080 1155 1106 suam
1172 1080 1259 1106 esse
1276 1069 1480 1109 fateretur,
1507 1078 1588 1104 non
1607 1066 1706 1104 vidit
1726 1065 1818 1103 cbo-

201 1146 295 1173 rum
315 1134 359 1173 in
379 1135 587 1173 orchestra
609 1139 800 1177 stantem.
830 1148 956 1186 quem
987 1147 1069 1173 non
1101 1135 1188 1173 sine
1213 1147 1337 1173 eausa
1367 1133 1584 1184 Euripides
1614 1145 1635 1172 e
1666 1132 1820 1170 theatro

198 1198 420 1243 eduxisset,
446 1199 525 1238 nisi
547 1200 781 1252 ἑπιπάρεέεν,
804 1212 887 1249 qua
908 1199 967 1237 uti
990 1199 1138 1239 noluit.
1163 1199 1338 1237 scribere
1359 1198 1583 1236 debuisset.
1603 1197 1737 1235 Finxit
1752 1196 1822 1245 igi-

200 1268 266 1302 tur
290 1268 469 1302 actorem
495 1264 751 1308 interdicere,
785 1277 835 1302 ne
863 1265 965 1314 quid
990 1264 1104 1301 chori
1130 1264 1322 1314 princeps
1363 1263 1479 1301 uxori
1509 1262 1710 1312 proderet.
1743 1261 1818 1298 Yix

197 1333 337 1367 autem
354 1329 469 1371 abiit,
487 1341 584 1366 cum
607 1329 639 1366 is
663 1329 911 1367 utilitatibus
930 1329 1091 1378 reginae
1115 1333 1222 1367 totus
1245 1328 1469 1366 inserviens
1491 1327 1629 1364 omnia
1646 1326 1822 1364 Creusae

149 1398 372 1447 Qnarrat,
396 1395 438 1432 in
460 1394 622 1433 fabulae
643 1400 769 1445 parte,
793 1407 899 1445 quae
926 1397 1072 1444 κ;;).μ.;’ς
1102 1394 1338 1432 vocabatur.
1372 1393 1505 1431 Cantu
1533 1393 1659 1442 igitur
1680 1392 1743 1429 vix
1771 1391 1821 1429 acl

199 1458 324 1499 [inem
346 1460 539 1504 adducto,
564 1472 685 1498 senex
705 1460 755 1498 ad
786 1460 987 1498 ultionem
1015 1460 1230 1497 dominam
1260 1459 1474 1497 hortatur:

581 1565 648 1607 Ἐν.
668 1568 782 1607 τῶνδε
804 1567 860 1606 Ξεῖ
883 1582 920 1606 σε
941 1567 985 1616 ἰὴ
1006 1568 1214 1617 χύναικεῖέν
1236 1580 1268 1604 τι
1292 1565 1380 1617 δρᾶν

568 1635 591 1681 ἢ
612 1633 684 1684 γὰρ
707 1630 808 1683 ξ’ἶςες
827 1632 1017 1674 “insistam
1037 1630 1060 1677 ἢ
1083 1631 1182 1681 Ξέλῳ
1203 1629 1275 1669 τινὶ

569 1699 591 1745 ἢ
614 1699 838 1750 φαρμάκων.
861 1698 921 1736 τὶν
943 1699 1183 1734 κατακτεῖναιι
1204 1697 1307 1734 πέσεν

569 1761 632 1801 καὶ
653 1762 768 1801 παῖδα
781 1762 810 1799 3.

253 1874 414 1913 Scimus
446 1885 540 1912 vero
574 1886 620 1911 ex
655 1873 855 1923 adjectivo
890 1876 964 1914 σόν,
1000 1872 1113 1924 quod
1148 1884 1231 1910 non
1267 1872 1409 1910 minus
1443 1876 1534 1922 apte
1563 1883 1660 1910 cum
1690 1871 1821 1912 πιῖἒα.

200 1951 327 1992 quam
347 1951 445 1978 cum
465 1942 570 1980 πόσιν
586 1939 788 1989 junxeris,
817 1951 901 1989 quo
928 1938 1102 1977 consilio
1128 1949 1348 1988 personam
1375 1938 1614 1987 loquentem
1649 1936 1825 1986 scriptor

200 2005 421 2049 induxerit,
461 2018 568 2056 quae
605 2005 730 2056 paulo
768 2004 955 2049 inferius,
997 2004 1140 2043 eadem
1179 2003 1346 2054 ancipiti
1394 2002 1694 2053 significatione
1732 2014 1821 2043 usa.

202 2070 377 2108 Creusae
398 2069 464 2107 his
486 2068 619 2108 verbis
635 2069 837 2108 auxilium
859 2069 1103 2120 polliceatur
1122 2082 1129 2105 :

579 2175 677 2229 Ἐγὼ
700 2178 765 2226 μὲν
788 2175 847 2216 οὖν
870 2191 922 2216 σοι
943 2176 1006 2216 καὶ
1024 2179 1257 2215 :avemo-lesu
1279 2176 1379 2214 θέλω

573 2242 635 2282 καὶ
658 2244 891 2295 συμφενεύειν
913 2240 1057 2281 ntea&
1065 2271 1142 2280 .....

258 2361 360 2401 Nam
391 2374 487 2400 cum
524 2361 723 2399 vocabula
753 2362 871 2408 νόθας,
905 2358 1023 2409 ξένος,
1055 2361 1201 2407 νεανίας
1228 2359 1268 2396 in
1298 2362 1493 2409 promptu
1525 2356 1705 2395 liaberet.
1730 2355 1828 2393 scite

206 2438 358 2466 nomen
391 2430 482 2474 ’.ταῖς
517 2425 745 2476 usurpavit,
783 2430 828 2463 ut
863 2424 1164 2475 spectatoribus
1204 2423 1367 2461 licentia
1406 2421 1668 2471 intellegendi
1710 2420 1825 2463 soret,

207 2492 350 2530 Ionem
377 2491 554 2530 Creusae
580 2503 668 2529 esse
694 2490 844 2527 filium.

261 2556 381 2596 Nunc
404 2569 499 2596 vero
525 2555 642 2608 ἐξόδῳ
665 2554 924 2607 (1106-1622)
949 2555 1069 2593 nobis
1092 2554 1363 2596 studendum,
1390 2564 1496 2602 quae
1519 2551 1624 2588 ultra
1653 2549 1826 2587 modum

207 2621 410 2672 producta
430 2626 502 2666 est,
526 2634 623 2660 cum
647 2621 785 2660 sabula
808 2620 931 2659 rebus
952 2620 1196 2663 abundaret,
1220 2631 1323 2670 quas
1345 2618 1497 2655 solvere
1525 2615 1635 2654 haud
1664 2613 1827 2652 minimi

191 2681 312 2726 ¹esset
369 2687 534 2726 laboris.
591 2687 778 2725 Primum
834 2686 1051 2724 nuntiatur
1106 2684 1317 2736 quomodo
1374 2682 1561 2725 insidiae,
1612 2693 1632 2718 a
1691 2679 1828 2728 regina

209 2753 449 2796 instructae,
504 2753 611 2791 male
656 2752 940 2791 successerint.
994 2751 1111 2791 Nam.
1168 2763 1265 2788 cum
1313 2748 1619 2787 adulescentem
1674 2756 1830 2782 veneno

210 2818 439 2856 interficere
472 2818 660 2863 voluerit,
696 2818 855 2869 capitis,
891 2817 1064 2855 consilio
1099 2816 1273 2858 detecto,
1305 2815 1500 2852 damnata
1534 2812 1584 2851 ad
1617 2823 1730 2850 aram
1764 2809 1830 2848 dei

268 2948 294 2967 ι.
320 2936 404 2972 1οη.,
423 2935 494 2972 558,
513 2946 542 2977 9.

266 2995 293 3014 2.
318 2983 449 3021 Ibidem,
474 2983 525 3018 63,
547 2983 576 3019 ά.

266 3031 294 3060 3.
321 3030 453 3069 Ibidem,
471 3031 575 3065 843-6,

264 3081 293 3112 .ἰ.
320 3078 450 3115 Ibidem,
469 3080 540 3111 850.
565 3090 589 3109 1.
