2394 3660
830 20 835 36 l

696 148 826 176 CAPUT
855 150 940 176 xm.
965 160 1014 165 —
1044 149 1096 176 m:
1124 150 1330 176 IPHIGENIA
1360 150 1547 178 numm.
1882 142 1930 193 47

314 247 409 286 erga
430 235 661 276 Menelaum
681 238 812 276 amori
831 237 1035 281 alludens,
1063 244 1360 278 commemorat
1382 251 1422 278 se
1443 252 1464 277 e
1493 239 1723 290 longinquo
1751 243 1932 290 tempore

315 300 470 353 amicos
499 313 636 340 amare
660 302 853 341 didicisse
873 315 881 340 :

701 397 752 437 Οὐ
772 401 833 436 νῦν
854 395 1099 447 Ξιδσιξόμεσθα
1118 398 1202 445 τοὺς
1223 399 1350 449 φίλους
1370 400 1491 450 φιλεῖν
1509 405 1534 436 ¹.

368 506 452 547 Rex
470 512 624 552 autem,
648 508 721 559 qui
741 507 885 546 eodem
908 520 1042 547 errore
1070 520 1154 559 quo
1179 509 1296 559 prius
1323 509 1540 560 decipitur,
1570 510 1752 550 maximo
1777 511 1930 562 gaudio

314 572 496 617 affectus,
526 572 641 612 hunc
668 584 835 611 versum
865 572 961 617 edit,
991 585 1076 624 quo
1100 573 1256 624 optime
1281 579 1414 625 partes
1441 574 1629 620 absolvit,
1659 588 1763 628 quas
1782 575 1825 616 in
1847 581 1930 616 toto

313 635 496 676 diverbio
519 637 700 676 obtinuit
718 650 726 674 :

681 726 812 766 Βεύλει
834 723 1020 779 ξυνεργῶν
1043 727 1150 774 αὐτὶ-,ς
1171 726 1350 778 ἐκπέμψω
1373 731 1504 769 σπῖλον
1521 740 1559 777 ²3

366 836 637 889 Stupiditatis‚
660 848 743 888 qua
763 837 964 888 majorem
984 839 1143 878 nullam
1172 841 1369 887 invenies,
1400 841 1598 880 Helenam
1625 842 1759 893 ipsam
1786 843 1927 894 pudet.

313 907 358 941 ut
390 914 487 941 eum
525 902 724 941 deterreat
758 914 810 941 ne
850 903 974 942 servis
1010 904 1213 944 inserviat.
1248 906 1286 945 ls
1321 907 1447 956 igitur
1485 907 1674 946 suadenti
1714 908 1926 953 accedens,

312 979 458 1007 navem
478 967 633 1005 invitus
655 979 738 1006 non
759 967 940 1007 deducit.
975 969 1223 1021 Priusquam
1252 984 1345 1010 vero
1367 985 1387 1009 e
1415 985 1533 1011 scena
1561 978 1689 1017 exeat,
1719 973 1767 1011 ad
1798 974 1929 1012 Mene-

310 1033 424 1071 laum
445 1044 683 1078 conversus,
707 1032 764 1071 sic
785 1033 1020 1084 eloquitur:
1047 1050 1064 1070 (ι
1086 1036 1176 1077 Abi.
1199 1036 1369 1086 hospes;
1393 1037 1464 1075 ubi
1488 1050 1581 1076 xero
1611 1038 1651 1075 in
1681 1050 1791 1076 mare
1818 1038 1931 1076 fune-

310 1098 410 1136 ralia
429 1097 539 1137 dona
559 1098 781 1149 conjeceris
802 1098 901 1137 huic
922 1100 994 1150 qui
1016 1100 1127 1151 prior
1147 1101 1323 1140 Helenae
1343 1102 1494 1153 conjux
1516 1103 1607 1144 suit.
1631 1107 1720 1141 tum
1743 1104 1783 1142 in
1811 1103 1930 1142 aedes

311 1174 410 1201 eum
440 1175 566 1202 uxore
595 1163 736 1202 redi.»

364 1227 421 1267 lta
443 1232 582 1268 autem
602 1240 745 1279 graece
766 1229 968 1268 sermonis
989 1230 1116 1269 finem
1137 1231 1233 1270 facit
1253 1245 1260 1269 :

653 1331 775 1371 Πάλιν
797 1332 888 1384 πρὸς
909 1334 1031 1380 εἴκευς
1053 1333 1172 1373 σπεῦδ’
1186 1334 1278 1383 ἐμὴν
1301 1334 1456 1387 δάμαρτ’
1470 1335 1584 1386 ἔχων.

364 1446 449 1487 Rex
478 1460 574 1499 ergo
603 1449 705 1500 ipse,
739 1450 951 1488 vocabulis
980 1452 1071 1503 πρὸς
1098 1453 1220 1499 οἴκους
1247 1451 1335 1490 sine
1369 1452 1570 1502 adjectivo
1605 1453 1774 1491 nomine
1808 1466 1925 1495 usus,

308 1527 415 1565 quae
457 1519 621 1553 tantum
667 1515 833 1554 Atridae
879 1516 1069 1561 domum,
1116 1522 1323 1568 quantum
1368 1530 1487 1556 suam
1534 1518 1666 1568 ipsius
1712 1519 1928 1569 designare

307 1584 498 1631 possunt,
520 1579 754 1619 Menelaum
773 1580 961 1620 hortatur
979 1581 1250 1632 ineptissime,
1273 1587 1320 1620 ut
1349 1583 1391 1621 in
1422 1583 1624 1621 Laconam
1655 1584 1804 1629 redeat,
1830 1596 1928 1622 cum

307 1657 350 1683 ea
379 1656 506 1696 quam
533 1645 612 1684 sihi
638 1657 809 1685 uxorem
834 1645 919 1684 sore
947 1646 1181 1686 arbitratur.

416 2017 635 2068 CAPUT
679 2018 914 2068 X111.—
951 2019 1036 2068 DE
1082 2019 1447 2070 IPHIGENIA
1495 2020 1816 2071 TAURICA.

360 2316 683 2368 Investigationi‚
717 2329 845 2369 quam
875 2318 1149 2362 instituimus,
1179 2318 1318 2357 fabula
1347 2318 1528 2357 multum
1557 2317 1749 2357 materiae
1780 2330 1928 2370 suppe-

306 2381 421 2427 ditat,
440 2395 538 2422 cum
554 2383 605 2422 ab
626 2382 840 2422 Aristotele
862 2383 914 2422 sit
933 2384 1112 2429 laudata,
1131 2384 1244 2435 quod
1261 2384 1470 2435 agnitione
1497 2395 1769 2434 personarum
1793 2384 1927 2422 nodus

305 2447 460 2499 optime
494 2448 772 2500 expediatur-⁹³.
804 2449 897 2489 :iam
932 2462 1026 2489 vero
1060 2450 1253 2489 lectorem
1290 2450 1534 2489 monuimus
1561 2462 1705 2489 omnes
1737 2450 1928 2501 hujusce-

307 2511 420 2551 modi
441 2513 669 2564 tragoedias
689 2513 823 2553 verbis
844 2519 967 2566 atque
987 2515 1174 2554 versibus
1196 2515 1406 2565 ambiguis
1432 2515 1677 2554 redundare.

360 2577 491 2628 Cujus
507 2578 562 2618 rei
583 2592 707 2619 causa
723 2579 766 2617 in
785 2585 982 2631 promptu
998 2585 1071 2619 cst.
1097 2580 1349 2631 Spectatores
1375 2580 1486 2618 enim
1514 2580 1738 2619 noscebant
1767 2593 1926 2624 omues,

307 2655 390 2693 quo
406 2644 726 2696 propinquitatis
743 2645 908 2684 vinculo
922 2658 1118 2696 personae
1136 2646 1241 2684 inter
1258 2659 1297 2683 so.
1314 2646 1680 2696 conjungerentur.
1695 2645 1801 2683 Tum
1816 2650 1928 2684 tanto

307 2707 439 2758 magis
460 2708 510 2747 ad
527 2709 710 2748 fabulam
731 2711 920 2749 animum
941 2711 1219 2752 attendebant.
1239 2716 1394 2762 quanto
1412 2710 1801 2761 magisimminebat
1817 2711 1929 2761 agni-

307 2773 376 2817 tio,
391 2774 608 2826 magisque
623 2780 761 2814 tamen
778 2775 820 2814 in
832 2776 1023 2815 futurum
1040 2776 1334 2815 reservabatur.
1353 2776 1446 2815 Ideo
1464 2781 1600 2815 noster
1617 2776 1838 2815 nonnullas
1857 2781 1929 2815 tra-

306 2839 549 2889 goediarum
571 2852 742 2879 suarum
763 2853 904 2880 scenas
921 2841 975 2881 ita
997 2842 1205 2893 produxit,
1230 2846 1275 2880 ut
1295 2854 1421 2893 prope
1442 2842 1475 2880 ei
1500 2841 1684 2881 ludibrio
1711 2842 1929 2881 videantur

362 2973 386 2994 1.
411 2963 496 3001 Hel„
518 2964 605 3001 1426.

356 3020 385 3040 2.
410 3010 540 3047 Ibidem,
564 3012 653 3052 1427.

359 3058 388 3088 3.
415 3059 463 3089 Cs.
483 3060 585 3090 Arist.
604 3060 703 3097 poet„
726 3061 803 3094 1555
820 3069 837 3091 a
865 3060 963 3092 16-18.
