2394 3660
538 202 588 241 38
860 215 910 240 DE
941 214 1115 240 TRAGJCA
1145 213 1420 240 AMBIGUITATE
1450 214 1557 240 APUD
1586 213 1823 242 EURIPIDEM.

537 303 604 341 ille
626 303 805 341 rusticus
827 301 1065 340 divitiarum
1088 300 1357 345 abundantia,
1385 301 1656 340 Geminorum
1679 302 1816 352 jussu,
1849 303 2106 343 condonetur
2120 305 2147 344 ¹.

590 368 716 406 Paulo
736 367 906 405 inferius
927 370 1097 404 testatur
1116 365 1273 404 Electra
1291 379 1333 404 se
1346 367 1522 405 libenter
1540 379 1626 405 esse
1646 368 1905 414 morituram,
1925 369 1958 407 si
1977 373 2151 409 matrem

537 433 624 483 ipsa
662 431 917 470 interfecerit.
960 429 1051 479 Quo
1088 430 1242 474 audito,
1283 436 1372 469 avet
1410 431 1531 470 frater
1569 431 1710 470 adesse
1743 433 1940 477 Orestem,
1978 438 2023 471 ut
2056 435 2151 474 talia

536 497 707 535 auribus
726 496 937 546 percipiat.
961 495 1069 532 Tum
1089 495 1157 533 illa
1177 507 1185 532 ε
1213 509 1230 531 «
1249 495 1300 534 At
1319 496 1484 547 hospes,
1508 496 1658 547 inquit,
1682 509 1778 535 eum
1808 509 1858 535 ne
1885 510 2150 546 agnoscerem

536 561 720 610 quidem,
748 560 780 598 si
800 559 1008 597 vidissem.
1031 573 1049 594 n
1073 559 1223 598 Graece
1242 573 1249 597 :

901 657 1025 698 ’Ἀλλ’
1043 658 1072 698 ὦ
1090 657 1182 708 ξέν’,
1205 660 1244 699 οὗ
1265 662 1391 711 γνείην
1413 664 1455 700 ἂν
1477 660 1659 701 εἰσιδοῦσά
1677 672 1772 700 2¹:1².

589 770 723 819 Quod,
746 770 821 807 etsi
841 769 1064 808 artificium
1089 770 1256 815 redolet,
1281 783 1325 810 ea
1347 772 1509 812 solertia
1535 777 1673 811 tamen
1701 772 1917 823 Euripides
1938 774 2149 824 expressit,

536 847 640 886 quae
679 835 833 873 theatro
871 835 1051 873 maxime
1088 836 1293 881 convenit,
1336 836 1410 875 ubi
1448 837 1591 875 minus
1629 837 1672 876 id
1710 838 1823 889 quod
1856 850 1953 876 cum
1987 839 2152 878 veritate

535 899 721 950 quadret,
743 911 870 950 quam
891 912 975 949 quo
995 900 1074 950 ipsi
1091 905 1446 946 commoveantur,
1471 907 1716 952 spectatores
1737 903 1966 953 requirunt.

588 964 789 1014 Denique,
820 964 893 1002 ubi
919 964 1079 1002 Orestes
1107 964 1268 1009 indixit,
1292 955 1405 1016 quod
1426 966 1468 1004 in
1488 966 1628 1005 fabula
1654 967 1824 1006 maximi
1845 980 1931 1006 esse
1952 969 2153 1006 momenti

535 1033 706 1072 constat,
730 1041 857 1079 quam
877 1028 1044 1067 difficile
1071 1041 1118 1067 ex
1145 1029 1292 1068 habitu
1319 1035 1484 1069 externo
1504 1030 1774 1076 discernatur,
1799 1037 1942 1071 utrum
1963 1033 2152 1071 homines

536 1094 721 1144 generosi
744 1094 837 1138 sint,
861 1105 1004 1138 necne,
1027 1098 1169 1132 monet
1191 1106 1232 1132 se
1252 1094 1454 1144 agricolae
1473 1095 1680 1146 hospitem
1700 1096 1784 1135 fore
1804 1109 1811 1134 :

926 1192 1035 1233 Ἀλλ’
1052 1191 1152 1242 ἄξιος
1173 1194 1243 1247 γὰρ
1264 1193 1282 1234 '2'
1302 1209 1342 1234 τε
1361 1196 1488 1247 παρὼν
1509 1197 1526 1234 '2'
1549 1198 1580 1235 ·.'
1599 1196 1638 1236 οὗ
1658 1197 1784 1248 παρὼν

923 1255 1202 1308 Ἀ“,ἀ;).ἐ;).νονες
1221 1262 1325 1307 παῖς,
1349 1256 1458 1313 οὗπερ
1481 1260 1590 1312 εἵνεχ’
1605 1262 1761 1310 ἥκομεν,

936 1320 1113 1373 δεξώμεθ’
1133 1325 1243 1363 εἴκων
1264 1324 1578 1372 γ.ατα),ύσεις3....

587 1433 753 1472 Lat-ine:
781 1433 866 1472 «At
885 1433 1066 1484 hospitio
1092 1435 1135 1472 in
1165 1447 1209 1473 ea
1240 1434 1365 1474 domo
1397 1436 1478 1474 frui
1504 1436 1713 1482 volumus,
1747 1438 1860 1488 quod
1890 1438 2010 1477 nobis
2039 1450 2152 1489 prae-

533 1499 666 1538 betur.
682 1498 770 1538 Non
787 1498 899 1537 enim
920 1499 1246 1549 Agamemnonis
1264 1500 1363 1545 filio,
1377 1502 1582 1551 praesenti
1598 1507 1720 1553 atque
1740 1502 1914 1547 absenti,
1929 1502 2152 1553 indignum

533 1568 606 1608 est,
634 1567 802 1615 propter
830 1575 956 1615 quem
982 1564 1189 1604 venimus.
1210 1579 1228 1601 ³>
1253 1565 1423 1604 Minime
1452 1566 1622 1617 quidem
1650 1567 1771 1606 nobis
1797 1568 2006 1618 placerent
2030 1567 2153 1607 verba

530 1627 550 1668 ὅ
568 1643 609 1668 τε
628 1629 755 1682 παρὼν
775 1627 794 1668 ’ὸ
813 1630 845 1668 τ’
859 1629 897 1668 οὗ
917 1626 1059 1682 παρών,
1084 1629 1163 1667 nisi
1183 1641 1230 1668 ea
1251 1629 1424 1681 scriptor
1438 1631 1636 1682 peculiari
1655 1637 1792 1671 mente
1812 1632 2032 1683 posuisset,
2055 1633 2153 1684 quia

533 1692 703 1738 Electra,
745 1705 883 1732 amore
921 1694 1099 1732 fraterno
1137 1699 1311 1740 caecata,
1353 1696 1544 1746 quotiens
1584 1698 1757 1735 nuntius
1795 1698 1995 1748 loquitur,
2037 1699 2152 1749 loqui

532 1759 698 1797 fratrem
737 1759 879 1810 ipsum
917 1760 1136 1804 existimat,
1174 1765 1234 1805 ut,
1271 1773 1369 1799 cum
1403 1761 1531 1806 abest,
1569 1763 1687 1814 quasi
1725 1775 1918 1814 praesens
1954 1764 2025 1808 sit;
2049 1763 2152 1802 dum

533 1829 780 1875 spectatores
806 1828 947 1864 contra
974 1825 1154 1864 eundem
1181 1825 1324 1864 adesse
1350 1827 1501 1872 sciunt,
1525 1840 1768 1879 quanquam
1799 1829 1941 1867 abesse
1966 1833 2148 1880 putatur.

583 1889 712 1928 Venio
742 1901 856 1928 nunc
888 1890 940 1928 ad
973 1890 1140 1928 tertium
1166 1891 1382 1935 ἐπεισόδιον,
1414 1892 1457 1929 in
1490 1904 1588 1942 quo,
1624 1893 1820 1943 Aegistho
1849 1894 1937 1944 jam
1968 1899 2146 1938 mortuo,

529 1954 851 2004 Clytaemnestra
879 1955 921 1992 in
950 1967 1116 1993 scenam
1142 1968 1267 1994 curru
1296 1956 1517 1995 invehitur.
1548 1957 1813 1996 Nobilitatem
1842 1971 2068 2002 summam,
2105 1971 2151 1997 ex

529 2032 610 2070 qua
626 2019 742 2058 ducit
758 2020 977 2071 orIginem,
997 2025 1034 2058 et
1050 2021 1286 2059 felicitatem
1304 2034 1386 2071 qua
1403 2022 1615 2061 abundare
1630 2023 1807 2068 videtur,
1827 2023 1941 2062 chori
1959 2024 2151 2075 princeps

528 2085 723 2123 laudibus
745 2086 912 2130 extollit,
933 2086 1003 2124 sed
1020 2099 1117 2124 cum
1141 2091 1385 2138 spectatores
1401 2087 1657 2138 jamdudum
1679 2090 1834 2128 conscii
1855 2089 1937 2127 sint
1957 2090 2151 2140 perniciei

529 2150 847 2195 infelicissimae,
877 2151 919 2189 in
949 2163 1077 2202 quam
1106 2163 1203 2190 mox
1234 2165 1275 2190 se
1304 2164 1500 2204 praeceps
1530 2153 1581 2191 sit
1610 2154 1866 2195 immissum.
1896 2154 2150 2193 credendum

529 2219 587 2252 est
607 2215 683 2253 hos
699 2220 954 2267 anapaestos,
973 2217 1130 2266 quibus
1151 2222 1370 2267 systemata
1389 2218 1723 2263 absolvebantur,
1742 2219 1781 2257 vi
1808 2219 1986 2258 maxima
2006 2231 2149 2258 eorum

530 2280 691 2318 animos
718 2281 898 2330 tetigisse
918 2294 926 2319 :

991 2360 1124 2411 Χαῖρε,
1148 2359 1281 2408 σεβίζω
1304 2358 1335 2398 ς’
1355 2361 1414 2398 ἴσα
1434 2358 1497 2399 καὶ
1519 2361 1689 2414 μάκαρας

990 2423 1149 2462 πλούτου
1173 2425 1345 2475 μεγάλης
1366 2423 1396 2463 τ’
1416 2424 1661 2475 εὐδαιμονίας.

994 2488 1060 2536 τὰς
1081 2488 1147 2536 σὰς
1168 2488 1205 2527 δὲ
1225 2489 1341 2541 τύχας
1361 2491 1623 2541 Θεραπεὺεσθαι

995 2555 1138 2605 καιρός.
1160 2554 1264 2605 χαῖρ’
1279 2553 1307 2593 ὦ
1330 2552 1546 2602 βασίλειαῦ.

583 2663 623 2701 Si
649 2664 742 2714 quis
770 2664 879 2702 enirn
909 2663 1254 2715 Clytaemnestrae
1281 2677 1521 2717 prosperam
1549 2666 1772 2711 fortunam,
1798 2667 1838 2704 in
1862 2672 2042 2706 extremo
2069 2669 2150 2707 dis-

530 2729 702 2766 crimine
732 2734 947 2773 versatam,
978 2730 1212 2780 praedicare
1246 2731 1378 2774 vellet,
1412 2735 1616 2770 maturato
1650 2743 1756 2782 opus
1789 2737 1888 2777 erat,
1922 2744 2018 2771 nam
2052 2745 2149 2772 cum

530 2793 752 2831 consilium
797 2795 969 2844 cepisset
1008 2795 1115 2833 filiae
1153 2795 1327 2833 domum
1367 2795 1591 2840 subeundi,
1633 2796 1860 2834 inferorum
1899 2797 2027 2836 limen
2066 2804 2148 2838 erat

532 2863 786 2908 superatura.

585 2974 609 2993 ι.
635 2964 745 3000 Εἱεεί.,
768 2963 843 2993 1286
861 2974 910 3001 sq.

583 3022 610 3040 α.
636 3011 763 3046 Ibidem,
781 3010 851 3041 283.

587 3058 615 3087 3.
640 3058 768 3094 Ibidem,
789 3058 893 3098 391-3.

586 3107 612 3139 4.
638 3105 700 3140 El„
717 3106 821 3146 994—7.
841 3111 941 3147 χαῖρε,
961 3115 989 3135 v.
1008 3116 1079 3145 997,
1098 3107 1267 3147 supplevit
1286 3107 1464 3138 Nauckius,
